<?xml version="1.0" encoding="UTF-8"?>
<!DOCTYPE html PUBLIC "-//W3C//DTD XHTML 1.0 Transitional//EN"
    "http://www.w3.org/TR/xhtml1/DTD/xhtml1-transitional.dtd">
<html xmlns="http://www.w3.org/1999/xhtml" xml:lang="en" lang="en">
 <head>
  <title>
</title>
<meta http-equiv="Content-Type" content="text/html;charset=utf-8" />
  <meta name='ocr-system' content='tesseract 3.04.00' />
  <meta name='ocr-capabilities' content='ocr_page ocr_carea ocr_par ocr_line ocrx_word'/>
</head>
<body>
  <div class='ocr_page' id='page_1' title='image "./tmacciplautimen00plaugoog_0045.png"; bbox 0 0 3000 4846; ppageno 0'>
   <div class='ocr_carea' id='block_1_1' title="bbox 316 369 1014 438">
    <p class='ocr_par' dir='ltr' id='par_1_1' title="bbox 316 369 1014 438">
     <span class='ocr_line' id='line_1_1' title="bbox 316 369 1014 438; baseline -0.013 -8"><span class='ocrx_word' id='word_1_1' title='bbox 316 375 356 438; x_wconf 83' lang='grc'><strong>34</strong></span> <span class='ocrx_word' id='word_1_2' title='bbox 645 369 712 427; x_wconf 80' lang='lat' dir='ltr'><strong>Act.</strong></span> <span class='ocrx_word' id='word_1_3' title='bbox 725 385 749 425; x_wconf 93' lang='lat'><strong>11</strong></span> <span class='ocrx_word' id='word_1_4' title='bbox 767 369 813 427; x_wconf 86' lang='lat' dir='ltr'><strong>Sc.</strong></span> <span class='ocrx_word' id='word_1_5' title='bbox 828 372 843 422; x_wconf 85' lang='grc'><strong>3</strong></span> <span class='ocrx_word' id='word_1_6' title='bbox 861 370 898 426; x_wconf 88' lang='lat' dir='ltr'><strong>V.</strong></span> <span class='ocrx_word' id='word_1_7' title='bbox 912 370 1014 422; x_wconf 79' lang='grc'>45-98</span> 
     </span>
    </p>
   </div>
   <div class='ocr_carea' id='block_1_2' title="bbox 263 543 1234 715">
    <p class='ocr_par' dir='ltr' id='par_1_2' title="bbox 263 543 1234 715">
     <span class='ocr_line' id='line_1_2' title="bbox 761 543 904 596; baseline -0.014 0"><span class='ocrx_word' id='word_1_8' title='bbox 761 543 904 596; x_wconf 79' lang='lat' dir='ltr'><strong>Euomum</strong></span> 
     </span>
     <span class='ocr_line' id='line_1_3' title="bbox 263 637 1234 715; baseline -0.001 -16"><span class='ocrx_word' id='word_1_9' title='bbox 263 656 302 700; x_wconf 94' lang='grc'><strong>393</strong></span> <span class='ocrx_word' id='word_1_10' title='bbox 315 641 373 715; x_wconf 81' lang='lat' dir='ltr'><strong>Qui</strong></span> <span class='ocrx_word' id='word_1_11' title='bbox 395 643 478 703; x_wconf 87' lang='lat' dir='ltr'><strong>lubet</strong></span> <span class='ocrx_word' id='word_1_12' title='bbox 500 641 627 702; x_wconf 85' lang='lat' dir='ltr'><strong>ludibrio</strong></span> <span class='ocrx_word' id='word_1_13' title='bbox 649 641 761 702; x_wconf 85' lang='lat' dir='ltr'><strong>habere</strong></span> <span class='ocrx_word' id='word_1_14' title='bbox 783 657 830 700; x_wconf 92' lang='lat' dir='ltr'><strong>me</strong></span> <span class='ocrx_word' id='word_1_15' title='bbox 852 643 944 714; x_wconf 91' lang='lat' dir='ltr'><strong>atque</strong></span> <span class='ocrx_word' id='word_1_16' title='bbox 965 639 1010 700; x_wconf 88' lang='lat' dir='ltr'><strong>ire</strong></span> <span class='ocrx_word' id='word_1_17' title='bbox 1031 637 1141 699; x_wconf 84' lang='lat' dir='ltr'><strong>infitias</strong></span> <span class='ocrx_word' id='word_1_18' title='bbox 1163 637 1234 698; x_wconf 88' lang='lat' dir='ltr'><strong>mihi</strong></span> 
     </span>
    </p>
   </div>
   <div class='ocr_carea' id='block_1_3' title="bbox 264 752 1346 1891">
    <p class='ocr_par' dir='ltr' id='par_1_3' title="bbox 264 752 1346 1891">
     <span class='ocr_line' id='line_1_4' title="bbox 314 752 624 829; baseline -0.003 -16"><span class='ocrx_word' id='word_1_19' title='bbox 314 754 410 814; x_wconf 81' lang='lat' dir='ltr'><strong>Facta</strong></span> <span class='ocrx_word' id='word_1_20' title='bbox 433 771 510 829; x_wconf 85' lang='lat' dir='ltr'><strong>quae</strong></span> <span class='ocrx_word' id='word_1_21' title='bbox 534 752 624 814; x_wconf 82' lang='lat' dir='ltr'><strong>sunti</strong></span> 
     </span>
     <span class='ocr_line' id='line_1_5' title="bbox 726 859 941 914; baseline 0.005 -1"><span class='ocrx_word' id='word_1_22' title='bbox 726 859 941 914; x_wconf 79' lang='lat' dir='ltr'><strong>unsmcmms</strong></span> 
     </span>
     <span class='ocr_line' id='line_1_6' title="bbox 581 953 1345 1034; baseline -0.009 -16"><span class='ocrx_word' id='word_1_23' title='bbox 581 959 638 1019; x_wconf 89' lang='lat' dir='ltr'><strong>Die</strong></span> <span class='ocrx_word' id='word_1_24' title='bbox 662 957 735 1034; x_wconf 87' lang='lat' dir='ltr'><strong>qnid</strong></span> <span class='ocrx_word' id='word_1_25' title='bbox 757 957 855 1018; x_wconf 87' lang='lat' dir='ltr'><strong>estid</strong></span> <span class='ocrx_word' id='word_1_26' title='bbox 879 957 959 1032; x_wconf 86' lang='lat' dir='ltr'><strong>quod</strong></span> <span class='ocrx_word' id='word_1_27' title='bbox 981 974 1087 1033; x_wconf 83' lang='lat' dir='ltr'><strong>negem</strong></span> <span class='ocrx_word' id='word_1_28' title='bbox 1111 954 1190 1030; x_wconf 87' lang='lat' dir='ltr'><strong>qnod</strong></span> <span class='ocrx_word' id='word_1_29' title='bbox 1213 953 1345 1015; x_wconf 83' lang='lat' dir='ltr'><strong>fecerim.</strong></span> 
     </span>
     <span class='ocr_line' id='line_1_7' title="bbox 760 1064 904 1120; baseline 0.007 -2"><span class='ocrx_word' id='word_1_30' title='bbox 760 1064 904 1120; x_wconf 71' lang='lat' dir='ltr'><strong>Euenum</strong></span> 
     </span>
     <span class='ocr_line' id='line_1_8' title="bbox 264 1163 963 1226; baseline -0.007 0"><span class='ocrx_word' id='word_1_31' title='bbox 264 1175 303 1218; x_wconf 75' lang='grc'>992</span> <span class='ocrx_word' id='word_1_32' title='bbox 316 1166 431 1226; x_wconf 87' lang='lat' dir='ltr'><strong>Pallam</strong></span> <span class='ocrx_word' id='word_1_33' title='bbox 453 1168 483 1224; x_wconf 89' lang='lat' dir='ltr'><strong>te</strong></span> <span class='ocrx_word' id='word_1_34' title='bbox 505 1163 594 1224; x_wconf 84' lang='lat' dir='ltr'><strong>hodie</strong></span> <span class='ocrx_word' id='word_1_35' title='bbox 617 1163 689 1224; x_wconf 92' lang='lat' dir='ltr'><strong>mihi</strong></span> <span class='ocrx_word' id='word_1_36' title='bbox 713 1163 831 1224; x_wconf 79' lang='lat' dir='ltr'>dedisse</span> <span class='ocrx_word' id='word_1_37' title='bbox 852 1163 963 1224; x_wconf 86' lang='lat' dir='ltr'><strong>uxoris.</strong></span> 
     </span>
     <span class='ocr_line' id='line_1_9' title="bbox 725 1272 933 1325; baseline -0.019 0"><span class='ocrx_word' id='word_1_38' title='bbox 725 1272 933 1325; x_wconf 79' lang='lat' dir='ltr'><strong>Muumenuus</strong></span> 
     </span>
     <span class='ocr_line' id='line_1_10' title="bbox 963 1368 1269 1444; baseline -0.016 -16"><span class='ocrx_word' id='word_1_39' title='bbox 963 1368 1062 1428; x_wconf 78' lang='lat' dir='ltr'><strong>Etiam</strong></span> <span class='ocrx_word' id='word_1_40' title='bbox 1083 1383 1162 1429; x_wconf 86' lang='lat' dir='ltr'><strong>nunc</strong></span> <span class='ocrx_word' id='word_1_41' title='bbox 1184 1383 1269 1444; x_wconf 80' lang='lat' dir='ltr'><strong>nego.</strong></span> 
     </span>
     <span class='ocr_line' id='line_1_11' title="bbox 316 1475 1344 1558; baseline -0.007 -17"><span class='ocrx_word' id='word_1_42' title='bbox 316 1482 380 1558; x_wconf 80' lang='lat' dir='ltr'><strong>Ege</strong></span> <span class='ocrx_word' id='word_1_43' title='bbox 404 1480 524 1557; x_wconf 87' lang='lat' dir='ltr'><strong>quidem</strong></span> <span class='ocrx_word' id='word_1_44' title='bbox 545 1498 644 1556; x_wconf 90' lang='lat' dir='ltr'><strong>neque</strong></span> <span class='ocrx_word' id='word_1_45' title='bbox 666 1499 808 1557; x_wconf 89' lang='lat' dir='ltr'><strong>umquam</strong></span> <span class='ocrx_word' id='word_1_46' title='bbox 835 1498 958 1541; x_wconf 86' lang='lat' dir='ltr'><strong>uxerem</strong></span> <span class='ocrx_word' id='word_1_47' title='bbox 986 1479 1079 1540; x_wconf 90' lang='lat' dir='ltr'><strong>habui</strong></span> <span class='ocrx_word' id='word_1_48' title='bbox 1106 1495 1204 1553; x_wconf 91' lang='lat' dir='ltr'><strong>neque</strong></span> <span class='ocrx_word' id='word_1_49' title='bbox 1232 1475 1344 1539; x_wconf 84' lang='lat' dir='ltr'><strong>habeo:</strong></span> 
     </span>
     <span class='ocr_line' id='line_1_12' title="bbox 682 1588 1192 1666; baseline -0.014 -8"><span class='ocrx_word' id='word_1_50' title='bbox 682 1655 684 1658; x_wconf 77' lang='grc'>,</span> <span class='ocrx_word' id='word_1_51' title='bbox 1012 1609 1111 1666; x_wconf 89' lang='lat' dir='ltr'><strong>neque</strong></span> <span class='ocrx_word' id='word_1_52' title='bbox 1133 1588 1192 1651; x_wconf 92' lang='lat' dir='ltr'><strong>huc</strong></span> 
     </span>
     <span class='ocr_line' id='line_1_13' title="bbox 317 1700 1346 1779; baseline -0.004 -17"><span class='ocrx_word' id='word_1_53' title='bbox 317 1702 465 1778; x_wconf 79' lang='lat' dir='ltr'><strong>Umquam</strong></span> <span class='ocrx_word' id='word_1_54' title='bbox 480 1706 638 1779; x_wconf 83' lang='lat' dir='ltr'><strong>postquam</strong></span> <span class='ocrx_word' id='word_1_55' title='bbox 654 1708 741 1764; x_wconf 89' lang='lat' dir='ltr'><strong>natus</strong></span> <span class='ocrx_word' id='word_1_56' title='bbox 757 1721 821 1762; x_wconf 89' lang='lat' dir='ltr'><strong>sum</strong></span> <span class='ocrx_word' id='word_1_57' title='bbox 836 1701 915 1762; x_wconf 81' lang='lat' dir='ltr'><strong>intra</strong></span> <span class='ocrx_word' id='word_1_58' title='bbox 929 1705 1044 1779; x_wconf 85' lang='lat' dir='ltr'><strong>portam</strong></span> <span class='ocrx_word' id='word_1_59' title='bbox 1059 1701 1214 1778; x_wconf 77' lang='lat' dir='ltr'><strong>penetravi</strong></span> <span class='ocrx_word' id='word_1_60' title='bbox 1229 1700 1346 1777; x_wconf 87' lang='lat' dir='ltr'><strong>pedem.</strong></span> 
     </span>
     <span class='ocr_line' id='line_1_14' title="bbox 265 1812 1232 1891; baseline 0 -20"><span class='ocrx_word' id='word_1_61' title='bbox 265 1829 303 1872; x_wconf 81' lang='lat' dir='ltr'><strong>aas</strong></span> <span class='ocrx_word' id='word_1_62' title='bbox 317 1814 429 1874; x_wconf 86' lang='lat' dir='ltr'><strong>Prandi</strong></span> <span class='ocrx_word' id='word_1_63' title='bbox 451 1814 482 1873; x_wconf 90' lang='lat' dir='ltr'><strong>in</strong></span> <span class='ocrx_word' id='word_1_64' title='bbox 504 1815 584 1889; x_wconf 88' lang='lat' dir='ltr'><strong>navi,</strong></span> <span class='ocrx_word' id='word_1_65' title='bbox 608 1815 677 1875; x_wconf 87' lang='lat' dir='ltr'><strong>inde</strong></span> <span class='ocrx_word' id='word_1_66' title='bbox 700 1813 759 1875; x_wconf 91' lang='lat' dir='ltr'><strong>huc</strong></span> <span class='ocrx_word' id='word_1_67' title='bbox 783 1829 920 1891; x_wconf 82' lang='lat' dir='ltr'><strong>egressus</strong></span> <span class='ocrx_word' id='word_1_68' title='bbox 942 1830 1022 1873; x_wconf 91' lang='lat' dir='ltr'><strong>sum:</strong></span> <span class='ocrx_word' id='word_1_69' title='bbox 1046 1817 1076 1874; x_wconf 91' lang='lat' dir='ltr'><strong>te</strong></span> <span class='ocrx_word' id='word_1_70' title='bbox 1099 1812 1232 1874; x_wconf 76' lang='lat' dir='ltr'><strong>conveni.</strong></span> 
     </span>
    </p>
   </div>
   <div class='ocr_carea' id='block_1_4' title="bbox 762 1921 1347 2093">
    <p class='ocr_par' dir='ltr' id='par_1_4' title="bbox 762 1921 1347 2093">
     <span class='ocr_line' id='line_1_15' title="bbox 762 1921 905 1975; baseline -0.014 0"><span class='ocrx_word' id='word_1_71' title='bbox 762 1921 905 1975; x_wconf 75' lang='grc'>1113391339</span> 
     </span>
     <span class='ocr_line' id='line_1_16' title="bbox 1222 2019 1347 2093; baseline -0.008 -15"><span class='ocrx_word' id='word_1_72' title='bbox 1222 2019 1347 2093; x_wconf 82' lang='lat' dir='ltr'><strong>Eecere,</strong></span> 
     </span>
    </p>
   </div>
   <div class='ocr_carea' id='block_1_5' title="bbox 266 2128 1348 3043">
    <p class='ocr_par' dir='ltr' id='par_1_5' title="bbox 266 2128 1348 3043">
     <span class='ocr_line' id='line_1_17' title="bbox 318 2128 1183 2205; baseline 0 -17"><span class='ocrx_word' id='word_1_73' title='bbox 318 2129 398 2188; x_wconf 87' lang='lat' dir='ltr'><strong>Perii</strong></span> <span class='ocrx_word' id='word_1_74' title='bbox 421 2129 542 2190; x_wconf 85' lang='lat' dir='ltr'><strong>misera:</strong></span> <span class='ocrx_word' id='word_1_75' title='bbox 568 2149 658 2205; x_wconf 91' lang='lat' dir='ltr'><strong>quam</strong></span> <span class='ocrx_word' id='word_1_76' title='bbox 680 2133 712 2190; x_wconf 90' lang='lat' dir='ltr'><strong>tu</strong></span> <span class='ocrx_word' id='word_1_77' title='bbox 735 2129 806 2190; x_wconf 89' lang='lat' dir='ltr'><strong>mihi</strong></span> <span class='ocrx_word' id='word_1_78' title='bbox 828 2148 907 2190; x_wconf 94' lang='lat' dir='ltr'><strong>nunc</strong></span> <span class='ocrx_word' id='word_1_79' title='bbox 929 2147 1036 2191; x_wconf 88' lang='lat' dir='ltr'><strong>navem</strong></span> <span class='ocrx_word' id='word_1_80' title='bbox 1057 2128 1183 2190; x_wconf 77' lang='lat' dir='ltr'><strong>narraui</strong></span> 
     </span>
     <span class='ocr_line' id='line_1_18' title="bbox 729 2236 1211 2294; baseline -0.008 0"><span class='ocrx_word' id='word_1_81' title='bbox 729 2239 944 2294; x_wconf 75' lang='lat' dir='ltr'><strong>Mausacumus</strong></span> <span class='ocrx_word' id='word_1_82' title='bbox 1209 2236 1211 2242; x_wconf 83' lang='grc'><em>’</em></span> 
     </span>
     <span class='ocr_line' id='line_1_19' title="bbox 1192 2334 1347 2411; baseline 0 -18"><span class='ocrx_word' id='word_1_83' title='bbox 1192 2334 1347 2411; x_wconf 81' lang='lat' dir='ltr'><strong>Ligneam,</strong></span> 
     </span>
     <span class='ocr_line' id='line_1_20' title="bbox 268 2446 1218 2524; baseline -0.001 -18"><span class='ocrx_word' id='word_1_84' title='bbox 268 2464 307 2506; x_wconf 80' lang='grc'><strong>999</strong></span> <span class='ocrx_word' id='word_1_85' title='bbox 320 2446 417 2524; x_wconf 83' lang='lat' dir='ltr'><strong>Saepe</strong></span> <span class='ocrx_word' id='word_1_86' title='bbox 440 2448 548 2521; x_wconf 80' lang='lat' dir='ltr'><strong>tritam,</strong></span> <span class='ocrx_word' id='word_1_87' title='bbox 573 2465 663 2524; x_wconf 84' lang='lat' dir='ltr'><strong>saepe</strong></span> <span class='ocrx_word' id='word_1_88' title='bbox 685 2447 783 2523; x_wconf 85' lang='lat' dir='ltr'><strong>fixam,</strong></span> <span class='ocrx_word' id='word_1_89' title='bbox 808 2466 898 2524; x_wconf 89' lang='lat' dir='ltr'><strong>saepe</strong></span> <span class='ocrx_word' id='word_1_90' title='bbox 922 2465 1077 2509; x_wconf 78' lang='lat' dir='ltr'><strong>excussam</strong></span> <span class='ocrx_word' id='word_1_91' title='bbox 1103 2447 1218 2506; x_wconf 85' lang='lat' dir='ltr'><strong>mallee.</strong></span> 
     </span>
     <span class='ocr_line' id='line_1_21' title="bbox 320 2557 1146 2636; baseline -0.002 -18"><span class='ocrx_word' id='word_1_92' title='bbox 320 2557 412 2631; x_wconf 77' lang='lat' dir='ltr'><strong>Quasi</strong></span> <span class='ocrx_word' id='word_1_93' title='bbox 435 2560 571 2636; x_wconf 88' lang='lat' dir='ltr'><strong>supellex</strong></span> <span class='ocrx_word' id='word_1_94' title='bbox 592 2559 739 2634; x_wconf 79' lang='lat' dir='ltr'><strong>pelliceis,</strong></span> <span class='ocrx_word' id='word_1_95' title='bbox 762 2560 850 2636; x_wconf 88' lang='lat' dir='ltr'><strong>palus</strong></span> <span class='ocrx_word' id='word_1_96' title='bbox 872 2561 942 2635; x_wconf 90' lang='lat' dir='ltr'><strong>palu</strong></span> <span class='ocrx_word' id='word_1_97' title='bbox 964 2561 1146 2636; x_wconf 85' lang='lat' dir='ltr'><strong>proxumust.</strong></span> 
     </span>
     <span class='ocr_line' id='line_1_22' title="bbox 763 2666 906 2719; baseline -0.007 0"><span class='ocrx_word' id='word_1_98' title='bbox 763 2666 906 2719; x_wconf 77' lang='lat' dir='ltr'><strong>Euomum</strong></span> 
     </span>
     <span class='ocr_line' id='line_1_23' title="bbox 320 2762 1348 2838; baseline 0.002 -17"><span class='ocrx_word' id='word_1_99' title='bbox 320 2763 384 2822; x_wconf 90' lang='lat' dir='ltr'><strong>Iam</strong></span> <span class='ocrx_word' id='word_1_100' title='bbox 406 2763 512 2822; x_wconf 87' lang='lat' dir='ltr'><strong>amabe</strong></span> <span class='ocrx_word' id='word_1_101' title='bbox 535 2762 637 2822; x_wconf 85' lang='lat' dir='ltr'><strong>desine</strong></span> <span class='ocrx_word' id='word_1_102' title='bbox 659 2763 746 2823; x_wconf 85' lang='lat' dir='ltr'><strong>ludes</strong></span> <span class='ocrx_word' id='word_1_103' title='bbox 768 2762 868 2822; x_wconf 86' lang='lat' dir='ltr'><strong>facere</strong></span> <span class='ocrx_word' id='word_1_104' title='bbox 891 2766 981 2838; x_wconf 89' lang='lat' dir='ltr'><strong>atque</strong></span> <span class='ocrx_word' id='word_1_105' title='bbox 1003 2763 1014 2821; x_wconf 95' lang='lat' dir='ltr'><strong>i</strong></span> <span class='ocrx_word' id='word_1_106' title='bbox 1036 2762 1093 2822; x_wconf 89' lang='lat' dir='ltr'><strong>hac</strong></span> <span class='ocrx_word' id='word_1_107' title='bbox 1115 2781 1229 2822; x_wconf 89' lang='lat' dir='ltr'><strong>mecum</strong></span> <span class='ocrx_word' id='word_1_108' title='bbox 1245 2766 1348 2823; x_wconf 89' lang='lat' dir='ltr'><strong>semul.</strong></span> 
     </span>
     <span class='ocr_line' id='line_1_24' title="bbox 729 2871 944 2925; baseline 0 0"><span class='ocrx_word' id='word_1_109' title='bbox 729 2871 944 2925; x_wconf 75' lang='lat' dir='ltr'><strong>Mnusncnmus</strong></span> 
     </span>
     <span class='ocr_line' id='line_1_25' title="bbox 266 2966 1312 3043; baseline 0.003 -19"><span class='ocrx_word' id='word_1_110' title='bbox 266 2983 305 3024; x_wconf 78' lang='lat'><strong>400</strong></span> <span class='ocrx_word' id='word_1_111' title='bbox 318 2966 426 3026; x_wconf 86' lang='lat' dir='ltr'><strong>Nescio</strong></span> <span class='ocrx_word' id='word_1_112' title='bbox 451 2984 547 3042; x_wconf 90' lang='lat' dir='ltr'><strong>quem,</strong></span> <span class='ocrx_word' id='word_1_113' title='bbox 572 2966 686 3042; x_wconf 89' lang='lat' dir='ltr'><strong>mulier,</strong></span> <span class='ocrx_word' id='word_1_114' title='bbox 711 2968 800 3029; x_wconf 92' lang='lat' dir='ltr'><strong>alinm</strong></span> <span class='ocrx_word' id='word_1_115' title='bbox 822 2968 978 3043; x_wconf 87' lang='lat' dir='ltr'><strong>huminem,</strong></span> <span class='ocrx_word' id='word_1_116' title='bbox 1001 2987 1060 3030; x_wconf 88' lang='lat' dir='ltr'><strong>nen</strong></span> <span class='ocrx_word' id='word_1_117' title='bbox 1082 2987 1128 3028; x_wconf 91' lang='lat' dir='ltr'><strong>me</strong></span> <span class='ocrx_word' id='word_1_118' title='bbox 1152 2969 1312 3043; x_wconf 89' lang='lat' dir='ltr'><strong>quaeritas.</strong></span> 
     </span>
    </p>
   </div>
   <div class='ocr_carea' id='block_1_6' title="bbox 320 3085 1349 3272">
    <p class='ocr_par' dir='ltr' id='par_1_6' title="bbox 320 3085 1349 3272">
     <span class='ocr_line' id='line_1_26' title="bbox 764 3085 906 3140; baseline 0.007 -1"><span class='ocrx_word' id='word_1_119' title='bbox 764 3085 906 3140; x_wconf 74' lang='lat' dir='ltr'><strong>Euenum</strong></span> 
     </span>
     <span class='ocr_line' id='line_1_27' title="bbox 320 3181 1349 3272; baseline 0.005 -33"><span class='ocrx_word' id='word_1_120' title='bbox 320 3181 388 3240; x_wconf 89' lang='lat' dir='ltr'><strong>Non</strong></span> <span class='ocrx_word' id='word_1_121' title='bbox 411 3199 465 3258; x_wconf 81' lang='lat' dir='ltr'><strong>ego</strong></span> <span class='ocrx_word' id='word_1_122' title='bbox 488 3185 517 3242; x_wconf 91' lang='lat' dir='ltr'><strong>te</strong></span> <span class='ocrx_word' id='word_1_123' title='bbox 540 3183 623 3258; x_wconf 87' lang='lat' dir='ltr'><strong>nevi,</strong></span> <span class='ocrx_word' id='word_1_124' title='bbox 647 3182 888 3258; x_wconf 73' lang='lat' dir='ltr'><strong>Menaechmum,</strong></span> <span class='ocrx_word' id='word_1_125' title='bbox 911 3182 1032 3272; x_wconf 75' lang='grc'>11393193</span> <span class='ocrx_word' id='word_1_126' title='bbox 1054 3187 1231 3258; x_wconf 77' lang='lat' dir='ltr'><strong>prognatum</strong></span> <span class='ocrx_word' id='word_1_127' title='bbox 1253 3187 1349 3260; x_wconf 89' lang='lat' dir='ltr'><strong>patre,</strong></span> 
     </span>
    </p>
   </div>
   <div class='ocr_carea' id='block_1_7' title="bbox 279 3290 1242 3484">
    <p class='ocr_par' dir='ltr' id='par_1_7' title="bbox 279 3290 1242 3484">
     <span class='ocr_line' id='line_1_28' title="bbox 279 3290 1121 3371; baseline 0.006 -21"><span class='ocrx_word' id='word_1_128' title='bbox 279 3315 284 3324; x_wconf 90' lang='lat'>·</span> <span class='ocrx_word' id='word_1_129' title='bbox 321 3290 379 3364; x_wconf 76' lang='lat' dir='ltr'><strong>Qui</strong></span> <span class='ocrx_word' id='word_1_130' title='bbox 401 3293 559 3369; x_wconf 80' lang='lat' dir='ltr'><strong>Syracusis</strong></span> <span class='ocrx_word' id='word_1_131' title='bbox 580 3294 739 3371; x_wconf 86' lang='lat' dir='ltr'><strong>perhibere</strong></span> <span class='ocrx_word' id='word_1_132' title='bbox 761 3299 849 3355; x_wconf 90' lang='lat' dir='ltr'><strong>natus</strong></span> <span class='ocrx_word' id='word_1_133' title='bbox 872 3312 937 3356; x_wconf 91' lang='lat' dir='ltr'><strong>esse</strong></span> <span class='ocrx_word' id='word_1_134' title='bbox 959 3295 990 3354; x_wconf 92' lang='lat' dir='ltr'><strong>in</strong></span> <span class='ocrx_word' id='word_1_135' title='bbox 1013 3293 1121 3370; x_wconf 82' lang='lat' dir='ltr'><strong>Sicilia,</strong></span> 
     </span>
     <span class='ocr_line' id='line_1_29' title="bbox 321 3403 1242 3484; baseline 0.003 -21"><span class='ocrx_word' id='word_1_136' title='bbox 321 3403 380 3463; x_wconf 92' lang='lat' dir='ltr'><strong>Ubi</strong></span> <span class='ocrx_word' id='word_1_137' title='bbox 402 3423 456 3464; x_wconf 86' lang='lat' dir='ltr'><strong>rex</strong></span> <span class='ocrx_word' id='word_1_138' title='bbox 478 3406 662 3483; x_wconf 83' lang='lat' dir='ltr'><strong>Agathocles</strong></span> <span class='ocrx_word' id='word_1_139' title='bbox 684 3410 825 3484; x_wconf 77' lang='lat' dir='ltr'><strong>regnator</strong></span> <span class='ocrx_word' id='word_1_140' title='bbox 847 3406 911 3482; x_wconf 84' lang='lat' dir='ltr'><strong>fuit,</strong></span> <span class='ocrx_word' id='word_1_141' title='bbox 935 3406 1091 3466; x_wconf 86' lang='lat' dir='ltr'><strong>etiterum</strong></span> <span class='ocrx_word' id='word_1_142' title='bbox 1113 3405 1242 3481; x_wconf 87' lang='lat' dir='ltr'><strong>Pinthia,</strong></span> 
     </span>
    </p>
   </div>
   <div class='ocr_carea' id='block_1_8' title="bbox 318 3637 1350 3795">
    <p class='ocr_par' dir='ltr' id='par_1_8' title="bbox 318 3637 1350 3795">
     <span class='ocr_line' id='line_1_30' title="bbox 318 3637 1350 3708; baseline 0.005 -19"><span class='ocrx_word' id='word_1_143' title='bbox 318 3656 345 3704; x_wconf 87' lang='lat' dir='ltr'><strong>p.</strong></span> <span class='ocrx_word' id='word_1_144' title='bbox 362 3646 420 3702; x_wconf 80' lang='grc'>973,</span> <span class='ocrx_word' id='word_1_145' title='bbox 435 3647 449 3692; x_wconf 87' lang='grc'>6</span> <span class='ocrx_word' id='word_1_146' title='bbox 464 3645 500 3693; x_wconf 88' lang='grc' dir='ltr'><strong>Μ.</strong></span> <span class='ocrx_word' id='word_1_147' title='bbox 511 3637 611 3708; x_wconf 83' lang='lat' dir='ltr'><strong>‘Rit[us</strong></span> <span class='ocrx_word' id='word_1_148' title='bbox 630 3658 690 3695; x_wconf 90' lang='lat' dir='ltr'><strong>mos</strong></span> <span class='ocrx_word' id='word_1_149' title='bbox 707 3647 750 3694; x_wconf 86' lang='lat' dir='ltr'><strong>vel</strong></span> <span class='ocrx_word' id='word_1_150' title='bbox 769 3646 940 3696; x_wconf 84' lang='lat' dir='ltr'><strong>consuetudo</strong></span> <span class='ocrx_word' id='word_1_151' title='bbox 956 3681 1022 3695; x_wconf 89' lang='lat'><strong>....</strong></span> <span class='ocrx_word' id='word_1_152' title='bbox 1040 3646 1152 3695; x_wconf 84' lang='lat' dir='ltr'><strong>Plautus</strong></span> <span class='ocrx_word' id='word_1_153' title='bbox 1165 3646 1192 3694; x_wconf 88' lang='lat' dir='ltr'><strong>in</strong></span> <span class='ocrx_word' id='word_1_154' title='bbox 1205 3646 1350 3695; x_wconf 85' lang='lat' dir='ltr'><strong>Menaech-</strong></span> 
     </span>
     <span class='ocr_line' id='line_1_31' title="bbox 322 3727 1257 3795; baseline 0.005 -19"><span class='ocrx_word' id='word_1_155' title='bbox 322 3729 373 3776; x_wconf 92' lang='lat' dir='ltr'><strong>mis</strong></span> <span class='ocrx_word' id='word_1_156' title='bbox 397 3727 492 3777; x_wconf 81' lang='lat' dir='ltr'><strong>“certe</strong></span> <span class='ocrx_word' id='word_1_157' title='bbox 511 3731 577 3780; x_wconf 88' lang='lat' dir='ltr'><strong>haec</strong></span> <span class='ocrx_word' id='word_1_158' title='bbox 596 3730 696 3780; x_wconf 83' lang='lat' dir='ltr'><strong>mulier</strong></span> <span class='ocrx_word' id='word_1_159' title='bbox 713 3730 876 3795; x_wconf 60' lang='grc'>3331933313</span> <span class='ocrx_word' id='word_1_160' title='bbox 895 3731 950 3780; x_wconf 79' lang='lat' dir='ltr'><strong>nitu</strong></span> <span class='ocrx_word' id='word_1_161' title='bbox 969 3733 1061 3781; x_wconf 84' lang='lat' dir='ltr'><strong>astans</strong></span> <span class='ocrx_word' id='word_1_162' title='bbox 1078 3731 1198 3781; x_wconf 87' lang='lat' dir='ltr'><strong>somniat</strong></span> <span class='ocrx_word' id='word_1_163' title='bbox 1216 3767 1222 3782; x_wconf 91' lang='lat'><strong>.</strong></span> <span class='ocrx_word' id='word_1_164' title='bbox 1242 3731 1257 3794; x_wconf 94' lang='lat'><strong>.]</strong></span> 
     </span>
    </p>
   </div>
   <div class='ocr_carea' id='block_1_9' title="bbox 320 3808 1350 4251">
    <p class='ocr_par' dir='ltr' id='par_1_9' title="bbox 320 3808 1350 4251">
     <span class='ocr_line' id='line_1_32' title="bbox 322 3808 1316 3907; baseline 0.006 -22"><span class='ocrx_word' id='word_1_165' title='bbox 322 3835 617 3890; x_wconf 76' lang='lat' dir='ltr'><strong>392ux0r1sled1em</strong></span> <span class='ocrx_word' id='word_1_166' title='bbox 637 3842 657 3890; x_wconf 89' lang='lat' dir='ltr'><em>B</em></span> <span class='ocrx_word' id='word_1_167' title='bbox 675 3839 771 3892; x_wconf 81' lang='lat' dir='ltr'><strong>uxorii</strong></span> <span class='ocrx_word' id='word_1_168' title='bbox 789 3808 842 3907; x_wconf 49' lang='lat' dir='ltr'><strong>etia,</strong></span> <span class='ocrx_word' id='word_1_169' title='bbox 862 3842 882 3893; x_wconf 85' lang='lat' dir='ltr'><strong><em>C</em></strong></span> <span class='ocrx_word' id='word_1_170' title='bbox 987 3845 1034 3890; x_wconf 84' lang='grc'><strong>395</strong></span> <span class='ocrx_word' id='word_1_171' title='bbox 1056 3840 1100 3906; x_wconf 82' lang='grc'>[31]</span> <span class='ocrx_word' id='word_1_172' title='bbox 1120 3843 1147 3892; x_wconf 90' lang='lat' dir='ltr'><strong>te</strong></span> <span class='ocrx_word' id='word_1_173' title='bbox 1166 3842 1316 3893; x_wconf 77' lang='lat' dir='ltr'><strong>Bitscletias</strong></span> 
     </span>
     <span class='ocr_line' id='line_1_33' title="bbox 398 3927 1350 3991; baseline 0.002 -17"><span class='ocrx_word' id='word_1_174' title='bbox 398 3937 516 3976; x_wconf 80' lang='lat' dir='ltr'><strong>eunucus</strong></span> <span class='ocrx_word' id='word_1_175' title='bbox 540 3929 633 3976; x_wconf 69' lang='lat' dir='ltr'><strong>eccere</strong></span> <span class='ocrx_word' id='word_1_176' title='bbox 645 3927 656 3990; x_wconf 88' lang='grc' dir='ltr'><strong>ΙΙ</strong></span> <span class='ocrx_word' id='word_1_177' title='bbox 668 3929 731 3978; x_wconf 82' lang='grc' dir='ltr'>Ε33.</span> <span class='ocrx_word' id='word_1_178' title='bbox 750 3929 820 3979; x_wconf 80' lang='lat' dir='ltr'><strong>Peru</strong></span> <span class='ocrx_word' id='word_1_179' title='bbox 839 3930 860 3978; x_wconf 99' lang='grc' dir='ltr'><em>Β</em></span> <span class='ocrx_word' id='word_1_180' title='bbox 879 3941 995 3978; x_wconf 83' lang='lat' dir='ltr'><strong>conueni</strong></span> <span class='ocrx_word' id='word_1_181' title='bbox 1015 3941 1109 3978; x_wconf 89' lang='lat' dir='ltr'><strong>eccere</strong></span> <span class='ocrx_word' id='word_1_182' title='bbox 1121 3927 1132 3991; x_wconf 81' lang='grc'><strong>11</strong></span> <span class='ocrx_word' id='word_1_183' title='bbox 1144 3928 1215 3977; x_wconf 86' lang='lat' dir='ltr'><strong>Peru</strong></span> <span class='ocrx_word' id='word_1_184' title='bbox 1236 3928 1269 3987; x_wconf 83' lang='lat' dir='ltr'><strong>C,</strong></span> <span class='ocrx_word' id='word_1_185' title='bbox 1290 3941 1350 3977; x_wconf 84' lang='lat' dir='ltr'><strong>cor-</strong></span> 
     </span>
     <span class='ocr_line' id='line_1_34' title="bbox 320 4009 1350 4076; baseline 0.001 -15"><span class='ocrx_word' id='word_1_186' title='bbox 320 4014 391 4062; x_wconf 77' lang='lat' dir='ltr'><strong>rexit</strong></span> <span class='ocrx_word' id='word_1_187' title='bbox 413 4013 594 4063; x_wconf 81' lang='lat' dir='ltr'><strong>Taubmuuucs</strong></span> <span class='ocrx_word' id='word_1_188' title='bbox 707 4017 755 4064; x_wconf 85' lang='grc'><strong>398</strong></span> <span class='ocrx_word' id='word_1_189' title='bbox 775 4014 862 4073; x_wconf 86' lang='lat' dir='ltr'><strong>Quem</strong></span> <span class='ocrx_word' id='word_1_190' title='bbox 881 4009 901 4064; x_wconf 83' lang='lat' dir='ltr'><strong>u</strong></span> <span class='ocrx_word' id='word_1_191' title='bbox 921 4015 966 4066; x_wconf 84' lang='lat' dir='ltr'><strong>BC</strong></span> <span class='ocrx_word' id='word_1_192' title='bbox 1060 4018 1107 4064; x_wconf 88' lang='grc'><strong>399</strong></span> <span class='ocrx_word' id='word_1_193' title='bbox 1128 4012 1350 4076; x_wconf 63' lang='grc'>1331331693-</span> 
     </span>
     <span class='ocr_line' id='line_1_35' title="bbox 322 4094 1348 4158; baseline 0.004 -14"><span class='ocrx_word' id='word_1_194' title='bbox 322 4100 392 4145; x_wconf 77' lang='lat' dir='ltr'><strong>ierus</strong></span> <span class='ocrx_word' id='word_1_195' title='bbox 474 4100 530 4148; x_wconf 87' lang='lat' dir='ltr'><strong>lem</strong></span> <span class='ocrx_word' id='word_1_196' title='bbox 543 4098 643 4148; x_wconf 86' lang='lat' dir='ltr'><strong>amabo</strong></span> <span class='ocrx_word' id='word_1_197' title='bbox 657 4100 757 4151; x_wconf 89' lang='lat' dir='ltr'><strong>desiste</strong></span> <span class='ocrx_word' id='word_1_198' title='bbox 766 4100 943 4150; x_wconf 80' lang='lat' dir='ltr'><strong>Fleckeisceas</strong></span> <span class='ocrx_word' id='word_1_199' title='bbox 1020 4099 1106 4152; x_wconf 88' lang='lat' dir='ltr'><strong>iemul</strong></span> <span class='ocrx_word' id='word_1_200' title='bbox 1117 4101 1139 4149; x_wconf 92' lang='grc' dir='ltr'><em>Β</em></span> <span class='ocrx_word' id='word_1_201' title='bbox 1151 4112 1220 4158; x_wconf 82' lang='lat' dir='ltr'><strong>cerr,</strong></span> <span class='ocrx_word' id='word_1_202' title='bbox 1237 4097 1256 4148; x_wconf 83' lang='grc'><strong><em>0</em></strong></span> <span class='ocrx_word' id='word_1_203' title='bbox 1268 4094 1348 4149; x_wconf 81' lang='lat' dir='ltr'><strong>semel</strong></span> 
     </span>
     <span class='ocr_line' id='line_1_36' title="bbox 323 4180 1350 4251; baseline 0.008 -22"><span class='ocrx_word' id='word_1_204' title='bbox 323 4182 389 4242; x_wconf 85' lang='lat' dir='ltr'><strong>Bpr</strong></span> <span class='ocrx_word' id='word_1_205' title='bbox 471 4187 518 4233; x_wconf 79' lang='grc'><strong>199</strong></span> <span class='ocrx_word' id='word_1_206' title='bbox 538 4180 636 4236; x_wconf 83' lang='lat' dir='ltr'><strong>Nescio</strong></span> <span class='ocrx_word' id='word_1_207' title='bbox 656 4200 737 4250; x_wconf 88' lang='lat' dir='ltr'><strong>quem</strong></span> <span class='ocrx_word' id='word_1_208' title='bbox 758 4187 778 4235; x_wconf 94' lang='grc' dir='ltr'><em>Β</em></span> <span class='ocrx_word' id='word_1_209' title='bbox 796 4187 867 4237; x_wconf 86' lang='lat' dir='ltr'><strong>Nem</strong></span> <span class='ocrx_word' id='word_1_210' title='bbox 887 4200 969 4251; x_wconf 88' lang='lat' dir='ltr'><strong>quem</strong></span> <span class='ocrx_word' id='word_1_211' title='bbox 986 4190 1088 4250; x_wconf 79' lang='lat' dir='ltr'><strong>reliqui,</strong></span> <span class='ocrx_word' id='word_1_212' title='bbox 1112 4198 1161 4248; x_wconf 81' lang='lat' dir='ltr'><strong>quo</strong></span> <span class='ocrx_word' id='word_1_213' title='bbox 1178 4189 1216 4235; x_wconf 81' lang='lat' dir='ltr'><strong>ati</strong></span> <span class='ocrx_word' id='word_1_214' title='bbox 1233 4198 1285 4235; x_wconf 86' lang='grc'><strong>333</strong></span> <span class='ocrx_word' id='word_1_215' title='bbox 1304 4189 1350 4237; x_wconf 85' lang='lat' dir='ltr'><strong>de-</strong></span> 
     </span>
    </p>
   </div>
   <div class='ocr_carea' id='block_1_10' title="bbox 0 0 1513 4846">
    <p class='ocr_par' dir='ltr' id='par_1_10' title="bbox 0 0 1513 4846">
     <span class='ocr_line' id='line_1_37' title="bbox 0 0 1513 4846; baseline 0 0"><span class='ocrx_word' id='word_1_216' title='bbox 0 0 1513 4846; x_wconf 95' lang='lat' dir='ltr'><strong> </strong></span> 
     </span>
    </p>
   </div>
  </div>
 </body>
</html>
