3000 4846
611 323 676 381 Aet.
689 343 708 381 v
726 327 768 383 So.
782 329 797 380 6
816 329 850 384 V.
865 330 948 380 7-26

209 517 248 559 oss
261 501 446 561 Reoordetur
467 500 507 575 id,
533 500 585 574 qui
606 499 691 560 nihili
712 505 781 561 sunt
805 503 877 577 quid
898 503 924 563 is
946 504 1024 580 preti

260 614 357 672 Detur
379 612 416 672 ab
440 599 591 686 suiseris,
614 611 730 688 ignavis
752 612 895 689 improbis
917 616 998 674 viris.

259 725 403 798 Verbera,
420 723 577 798 oompedes
588 724 695 798 molae,
712 743 820 801 magna
834 726 978 786 lassitudo
993 727 1095 802 fames,
1118 726 1212 804 frigus
1228 729 1286 789 du-

691 854 765 911 rum,
789 835 864 896 haee
886 838 983 914 pretia
1004 843 1073 899 sunt
1094 839 1241 916 ignaviae.

259 946 295 1006 Id
318 964 373 1023 ego
395 948 472 1007 male
495 948 604 1006 malum
627 952 738 1007 metuo:
762 951 921 1024 propterea
936 950 1045 1009 bonnm
1061 968 1125 1011 esse
1146 955 1287 1011 eertumst

690 1059 789 1135 potius
814 1078 903 1134 quam
926 1062 1044 1120 malum.

258 1174 336 1231 Nam
358 1171 451 1247 magis
474 1172 564 1230 multo
586 1170 684 1246 patior
705 1170 822 1231 faeilius
844 1173 946 1247 verba,
969 1151 1102 1232 verbera
1119 1191 1173 1250 ego
1196 1174 1256 1249 odi,

207 1289 246 1332 960
259 1282 416 1357 Nimioque
439 1282 496 1341 edo
518 1281 657 1342 libentius
681 1282 812 1341 molitum
836 1302 925 1358 quam
953 1283 1084 1343 molitum
1112 1284 1283 1360 praehibeo.

258 1396 423 1470 Propterea
445 1394 487 1452 eri
509 1393 665 1470 imperium
688 1411 844 1468 exsequor,
867 1394 944 1454 bene
967 1398 997 1452 et
1019 1395 1121 1455 sedate
1137 1414 1223 1456 servo
1237 1396 1282 1456 id:

690 1509 781 1578 atque
804 1504 875 1564 mihi
897 1505 928 1564 id
948 1506 1078 1582 prodest.

258 1617 320 1677 Alii
342 1635 407 1677 esse
429 1617 471 1677 ita
493 1621 526 1677 nt
546 1617 578 1676 in
600 1635 662 1676 rem
678 1634 743 1676 esse
759 1617 884 1688 duount,
902 1617 973 1677 sint:
996 1635 1051 1692 ego
1066 1617 1109 1677 ita
1123 1636 1173 1679 ero
1189 1622 1222 1678 nt
1238 1637 1284 1679 me

689 1746 754 1788 esse
776 1732 900 1804 oportet.

257 1842 367 1901 Metum
388 1840 420 1899 id
442 1839 515 1899 mihi
536 1839 703 1914 adhibeam,
727 1841 846 1916 eulpam
865 1839 1038 1914 abstineam,
1062 1859 1112 1901 ero
1134 1845 1167 1901 ut
1189 1842 1284 1901 omni-

687 1952 743 2011 bus
765 1952 796 2010 in
818 1951 892 2010 loeis
915 1951 969 2011 sim
990 1956 1119 2028 praesto.

257 2063 351 2139 Servi,
365 2063 416 2138 qui
431 2081 500 2122 oum
515 2064 605 2138 eulpa
616 2066 720 2122 oarent
735 2065 874 2137 metuont,
889 2063 986 2122 solent
1001 2081 1065 2124 esse
1081 2064 1139 2123 eris
1154 2065 1282 2125 utibiles.

207 2181 245 2223 ⁹⁶⁵
258 2176 335 2234 Nam
356 2175 401 2234 illi
425 2175 476 2250 qui
498 2174 573 2234 nihil
595 2177 738 2246 metuunt,
761 2178 918 2248 postquam
940 2175 1050 2233 malum
1074 2176 1283 2251 promeritum-

689 2303 757 2362 que,
782 2284 810 2343 ei
832 2288 973 2345 metuunt.

256 2400 386 2458 Metuam
400 2398 474 2458 haut
489 2399 627 2467 multum;
646 2415 739 2474 prope
755 2399 808 2470 est,
825 2397 962 2471 quandoo
978 2415 1046 2456 erus
1062 2397 1198 2457 ofaoiam
1211 2416 1282 2474 pre-

687 2509 760 2567 tium
783 2508 925 2568 exsolvet.

258 2711 343 2765 adfert
361 2715 427 2777 Bpr
491 2717 538 2763 965
552 2697 816 2764 Recordecorueib
871 2707 994 2778 uspretu
1009 2709 1086 2764 Burs
1094 2714 1215 2778 preouC

257 2804 305 2849 969
318 2799 452 2865 phibeoB
462 2799 617 2866 prphrbeo
634 2797 772 2857 C,Boorr
841 2803 885 2848 soi
905 2801 1049 2850 mrhrrdB
1067 2799 1215 2850 rdm1h1C

256 2891 305 2937 962
320 2881 381 2937 alus
389 2887 411 2935 Β
415 2900 459 2949 pr,
473 2885 493 2935 C
561 2880 600 2934 srn
613 2898 662 2947 ego
675 2898 722 2934 ero
738 2884 757 2935 C
813 2887 907 2935 Versus
918 2889 1084 2948 incorruptas
1103 2892 1223 2936 einans:
1237 2888 1283 2937 boo

255 2975 317 3023 dieii
326 2972 372 3022 alii
381 2973 437 3021 sint
448 2972 486 3020 ita
497 2973 528 3020 ut
541 2983 600 3020 esse
613 2971 640 3019 in
653 2983 711 3018 rem
724 2983 783 3020 esse
796 2971 901 3020 ducunt
943 2975 990 3019 963
1006 2972 1087 3037 culpi
1096 2972 1117 3020 Β
1127 2985 1170 3034 pr,
1182 2971 1201 3022 C
1212 2973 1282 3022 Veti-

256 3071 336 3108 eenns
349 3056 464 3121 culpati
477 3070 536 3106 corr
605 3056 762 3106 Sententiam
774 3059 811 3105 sie
822 3057 962 3119 inteliipere
973 3059 1076 3107 videor:
1090 3059 1120 3107 ut
1132 3070 1179 3106 ero
1193 3059 1282 3107 omni-

257 3142 309 3193 bus
317 3142 479 3192 iulooissim
492 3143 611 3206 praesto,
621 3141 649 3191 id
655 3142 722 3189 mihi
733 3143 836 3190 metum
849 3142 1004 3201 adhibeam,
1015 3144 1069 3205 (itai
1078 3142 1186 3206 culpam
1195 3142 1282 3192 absti-

257 3241 350 3286 neam3
365 3233 486 3277 eoenreie
496 3231 564 3276 inter
573 3240 600 3276 se
615 3229 752 3276 concinunt
769 3229 872 3276 metum
895 3226 1050 3288 adhibeam,
1071 3228 1180 3292 culpam
1195 3227 1282 3277 absti-

257 3327 346 3373 neam,
359 3315 416 3363 ideo
427 3317 504 3363 inerte
513 3315 609 3375 posite.
624 3316 648 3361 et
659 3313 725 3361 bone
738 3316 824 3360 aniene
841 3313 870 3360 ob
889 3325 995 3361 oensem
1013 3315 1117 3362 metum
1131 3314 1219 3362 obesse
1230 3327 1282 3362 non

254 3405 337 3461 potest
347 3404 481 3461 etpropier
492 3403 625 3460 sequentes
641 3410 733 3447 versem
748 3385 820 3456 dnos,
835 3399 926 3459 quibas
939 3400 1035 3448 similia
1050 3400 1170 3461 tepenter
1184 3401 1212 3448 in
1224 3399 1282 3448 Mo-

255 3486 370 3535 stellaria
383 3489 497 3534 858-860
512 3485 550 3543 R,
567 3487 595 3534 in
607 3484 679 3533 tibris
689 3485 727 3533 ito
738 3487 835 3545 scripte
847 3484 925 3532 Serui
938 3485 985 3547 qui
998 3498 1081 3547 quom
1095 3484 1176 3548 eulpa
1189 3486 1282 3533 carent

255 3572 345 3619 tamen
358 3571 461 3620 malum
473 3572 600 3620 metuunt
611 3569 621 3631 ΙΙ
634 3569 667 3618 Hi
685 3569 773 3619 solent
791 3583 850 3619 esse
869 3570 922 3618 eris
940 3569 1060 3619 utibiles
1074 3570 1085 3633 ΙΙ
1097 3570 1168 3620 Nam
1181 3569 1220 3618 ilii
1233 3571 1281 3633 qui

255 3654 321 3703 nihil
340 3658 465 3706 metuunt
482 3657 629 3720 postquam
647 3657 710 3705 sunt
728 3654 831 3704 malum
850 3657 940 3705 meriti
953 3655 963 3717 ΙΙ
976 3656 1063 3707 Stulta
1081 3655 1134 3706 sibi
1153 3658 1281 3720 expetunt

255 3741 370 3789 consilia
458 3744 505 3790 966
524 3741 665 3805 culparent
678 3741 699 3789 Β
711 3742 792 3805 eulpa
805 3744 899 3791 carent
913 3740 941 3801 C,
956 3755 1019 3792 oum
1032 3743 1165 3792 addidisse
1177 3743 1281 3792 Mostel-

255 3826 323 3875 ierio
408 3829 500 3876 metuo
516 3826 583 3889 nrib.
592 3841 611 3876 e.
624 3827 922 3890 metuontJBmetuunt
934 3827 963 3886 C,
979 3829 1071 3878 Boorr
1153 3832 1201 3876 966
1215 3841 1280 3891 pro-

254 3912 383 3961 meritum
393 3914 434 3961 est
449 3915 574 3962 metuunt
589 3915 628 3962 ed.
632 3927 675 3975 pr.
748 3917 796 3961 966
810 3914 927 3962 Metuam
938 3914 1012 3963 haud
1024 3914 1163 3963 Grntmns:
1179 3914 1279 3963 Metum

255 4000 302 4047 aut
317 3997 362 4047 be
448 3999 517 4048 Haeo
534 4011 632 4059 quoqne
645 4001 766 4049 videntne
783 4001 877 4049 indicio
898 4012 952 4048 esse
967 4012 1058 4048 oensem
1072 4001 1128 4047 966.
1147 4002 1205 4057 966,
1225 4004 1281 4048 nint

255 4085 414 4134 emendenda
426 4090 496 4144 snat,
516 4086 659 4133 desiderari
670 4099 721 4134 non
731 4099 806 4147 posse
875 4098 961 4148 prope
974 4081 1003 4134 ei
1013 4085 1034 4133 Β
1111 4085 1220 4148 quando
1234 4098 1279 4133 oe-

255 4165 317 4219 ruso
331 4169 429 4219 sacram
440 4169 548 4232 (fatuam)
561 4169 614 4229 BC,
632 4170 741 4233 quando
758 4183 820 4219 erus
836 4171 911 4232 quod
927 4170 1025 4220 faciam
1036 4171 1142 4220 dacibus
1152 4170 1248 4232 Pylade
1257 4175 1281 4220 ei
