3000 4846
649 340 786 410 Prologus

203 517 280 592 Quia
301 517 386 577 illum
408 516 539 577 clamore
560 516 623 575 vidi
646 516 817 594 flagitarier.

202 631 248 691 Ne
271 647 341 689 mox
363 629 477 703 erretis,
500 627 560 687 iam
582 646 661 688 nune
683 628 826 704 praedico
849 629 948 704 prius:

202 742 282 803 ldem
305 744 350 801 est
372 740 517 800 ambobus
540 757 648 799 nomen
670 739 794 816 geminis
817 739 969 800 fratribus.

202 854 290 914 Nunc
312 852 345 912 in
365 851 566 928 Epidamnum
588 851 715 927 pedibus
738 851 923 912 redeundum
946 855 991 911 eet
1012 849 1092 926 mihi,

164 963 243 1024 uoUt
264 964 342 1023 hanc
365 981 428 1023 rem
450 963 535 1023 vobis
559 962 738 1023 examussim
760 961 917 1038 disputem.

203 1074 234 1135 Si
259 1074 325 1150 quis
349 1073 422 1150 quid
444 1079 576 1135 vestrum
598 1072 798 1150 Epidamnum
819 1074 919 1134 curari
941 1073 998 1134 sibi

202 1187 291 1262 Velit,
314 1186 458 1246 audacter
479 1185 625 1262 imperato
649 1189 678 1245 et
701 1185 807 1246 dicito:

203 1298 264 1359 Sed
285 1299 328 1358 ita
349 1301 383 1358 ut
405 1297 465 1372 det,
488 1296 568 1357 unde
592 1297 691 1357 curari
713 1296 744 1355 id
766 1295 861 1372 possit
883 1295 949 1356 sibi.

202 1412 279 1470 Nam
302 1408 359 1470 nisi
383 1408 434 1485 qui
457 1405 538 1488 [non]
561 1411 717 1486 argentum
740 1407 856 1466 dederit
877 1425 972 1484 nugas
996 1409 1105 1485 egerit:

163 1535 189 1576 ss
202 1519 282 1602 [nam
304 1517 371 1600 nisi]
395 1519 453 1594 Qui
476 1519 593 1579 dederit
615 1517 709 1596 magis
731 1519 976 1621 maioresOnugae
1000 1520 1101 1597 egerit.

201 1634 312 1693 Verum
334 1632 405 1692 illue
428 1630 529 1704 redeo,
561 1630 640 1691 unde
664 1630 733 1704 abii,
757 1634 848 1706 atque
871 1647 931 1689 uno
954 1629 1040 1690 adsto
1063 1631 1094 1691 in
1119 1633 1197 1692 loco.

201 1743 442 1821 Epidamniensis
464 1742 524 1817 ille,
550 1760 637 1817 quem
660 1742 772 1802 dudum
795 1741 938 1815 dixeram,

201 1855 357 1916 Geminum
378 1855 463 1915 illum
485 1871 610 1930 puerum
634 1853 686 1929 qui
708 1852 862 1929 surrupuit
884 1853 1019 1929 alterum,

201 1967 239 2026 Ei
261 1967 432 2040 liberorum,
456 1965 513 2025 nisi
536 1964 667 2039 divitiae,
691 1964 734 2024 nil
757 1967 836 2025 erat:

163 2090 188 2131 cc
201 2077 337 2152 Adoptat
358 2075 442 2136 illum
464 2093 590 2151 puerum
613 2074 824 2151 surrupticium

202 2187 265 2247 Sibi
287 2186 380 2246 filium
402 2185 490 2260 eique
513 2203 637 2245 uxorem
660 2186 792 2245 dotatam
814 2186 906 2260 dedit,

202 2298 339 2373 Eumque
361 2295 504 2356 heredem
526 2296 597 2356 fecit
620 2314 709 2371 quom
731 2297 796 2371 ipse
819 2296 893 2356 obiit
916 2297 1002 2356 diem.

201 2409 279 2469 Nam
301 2426 352 2468 rus
375 2412 407 2468 ut
429 2407 492 2467 ibat
513 2407 600 2482 forte,
624 2411 657 2466 ut
679 2408 803 2467 multum
825 2407 953 2483 pluerat,

201 2523 358 2598 Ingressus
381 2518 504 2579 fluvium
526 2518 665 2595 rapidum
687 2518 725 2578 ab
749 2519 823 2578 urbe
845 2518 927 2578 haud
950 2519 1080 2596 longule,

163 2646 188 2687 cs
200 2632 335 2708 Rapidus
358 2630 473 2707 rapteri
495 2629 581 2706 pueri
604 2629 745 2689 subduxit
768 2629 861 2706 pedes

201 2742 419 2820 Apstraxitque
442 2741 592 2801 hominem
613 2741 645 2801 in
667 2741 824 2801 maximam
846 2742 955 2802 malam
978 2760 1105 2802 erucem.

201 2855 250 2914 llli
273 2854 394 2914 divitiae
417 2856 582 2914 evenerunt
603 2852 757 2912 maximae.

202 2967 232 3025 Is
253 2966 315 3025 illic
337 2965 462 3039 habitat,
487 2964 621 3041 geminus
645 2964 851 3040 surrupticius.

202 3078 290 3136 Nunc
311 3077 362 3136 ille
385 3076 529 3153 geminus,
555 3074 606 3151 qui
629 3074 785 3151 Syracusis
807 3075 908 3149 habet,

164 3202 190 3243 ao
203 3187 301 3247 Hodie
323 3189 354 3246 in
376 3187 576 3264 Epidamnum
599 3186 680 3245 venit
702 3204 769 3246 cum
792 3202 878 3246 servo
902 3203 956 3246 suo

203 3300 291 3359 Hunc
315 3299 513 3373 quaeritatum
536 3297 684 3375 geminum
706 3314 880 3374 germanum
903 3314 997 3358 suum.

203 3555 313 3604 Plautus
330 3590 353 3602 ..
373 3553 406 3602 Et
417 3553 584 3603 Menechmis
602 3551 763 3619 “propterea
834 3548 971 3603 facilius”.'
1079 3557 1110 3604 50
1132 3555 1232 3604 Nonius

200 3654 228 3702 p.
245 3642 269 3698 9,
287 3642 316 3686 ⁴3
326 3631 506 3689 ‘examussim
521 3677 527 3689 .
545 3677 550 3690 .
565 3641 675 3691 Plautus
691 3678 697 3690 .
714 3641 810 3690 ‚idem
823 3639 851 3688 in
863 3638 1030 3689 Menechmis
1042 3636 1094 3690 “ut
1108 3678 1114 3690 .
1131 3678 1136 3690 .
1154 3678 1160 3690 .
1175 3640 1233 3690 dis-

202 3719 335 3789 putem”.’
420 3728 447 3773 ot
470 3720 521 3774 sihi
539 3726 607 3776 uelit
618 3726 629 3788 ΙΙ
641 3726 811 3777 AudacterB
905 3727 936 3774 et
956 3738 1010 3774 non
1028 3727 1133 3775 induxit
1151 3727 1232 3776 Bero-

203 3812 279 3860 aldus
387 3813 418 3858 55
436 3810 507 3861 Nam
526 3812 580 3861 nisi
598 3814 702 3862 iodaait
721 3813 829 3873 Pylades
934 3813 965 3858 62
984 3824 1067 3873 quom
1086 3811 1229 3860 Acidalias:

202 3910 285 3959 quam
377 3897 407 3942 63
426 3896 552 3959 pluuerat
571 3910 631 3947 corr
647 3898 784 3947 Vaticanus
871 3896 1022 3948 Consentius
1038 3911 1065 3959 p.
1083 3899 1142 3956 378,
1155 3897 1230 3946 3211.

198 3971 280 4047 ‘pluit
295 4020 301 4031 .
318 3982 429 4045 ,priore
449 3984 574 4046 correpta
592 3985 717 4045 quamvis
731 3983 841 4033 Plautus
860 3982 1019 4046 produxerit
1042 3983 1069 4032 in
1088 3983 1233 4033 Menaech-

202 4069 254 4117 mis
272 4065 363 4116 “torte
382 4069 412 4116 ut
431 4066 466 4128 (et
484 4068 595 4130 Monac.)
614 4069 732 4118 multum
748 4062 890 4130 praerat”.'
995 4070 1026 4117 65
1046 4068 1129 4132 pedes
1149 4067 1233 4118 Sara-

203 4219 294 4255 ecaas:
310 4201 381 4254 tides
443 4206 474 4252 69
488 4150 603 4254 habergo}
619 4206 756 4256 Vaticanus
828 4209 858 4254 70
873 4205 964 4254 veniet
976 4204 1118 4267 chpertas
1185 4201 1233 4254 suo
