3000 4846
516 362 660 413 626-630,
675 363 733 413 605.
749 362 884 413 631-633

590 534 804 588 Mamaeanas

136 671 174 714 ma
188 650 266 723 Quin
287 655 320 710 ut
343 647 454 708 dudum
477 648 591 709 devorti
614 649 723 725 abste,
745 650 835 710 redeo
850 667 929 709 nunc
946 649 1063 709 demum
1078 650 1209 710 domum.

615 774 790 829 Pamcmms

135 903 173 946 mi
187 890 265 951 Novi
288 908 342 965 ego
364 892 409 948 te:
435 907 493 948 non
516 888 587 947 mihi
610 891 753 951 censebas
777 909 841 951 assa
866 891 917 967 qui
938 896 968 950 ta
991 891 1166 951 ulciscerer:

135 1016 173 1058 ma
188 1001 295 1062 Omnia
316 1001 418 1061 hardla
440 1001 525 1060 uxori
548 1000 617 1061 dixi.

592 1126 808 1182 Mamacnmus

611 1241 690 1313 Quid
713 1242 833 1302 dixistii

617 1367 791 1421 Pamcmms

836 1467 955 1527 Nescio.

135 1574 174 1618 ma
188 1555 317 1628 Eampse
339 1570 421 1628 roga.

596 1661 808 1715 Mamacmms

369 1774 447 1847 Quid
469 1775 525 1835 hoa
548 1779 601 1851 ast,
625 1775 721 1836 uxori
745 1776 886 1852 quidnam
908 1775 956 1837 hia
979 1776 1113 1836 narravit
1134 1775 1211 1836 tibid

135 1911 173 1952 aaa
188 1879 266 1961 Quid
287 1887 318 1946 id
342 1886 408 1947 esti
432 1887 504 1964 quid
526 1888 631 1949 taces?
654 1889 726 1965 quin
749 1889 823 1949 dicis
847 1888 919 1965 quid
942 1887 1000 1948 siti

624 2022 775 2077 Mammida

914 2121 1005 2192 Quasi
1028 2125 1059 2180 tu
1082 2121 1208 2181 nescias.

136 2250 174 2290 aa
187 2233 233 2290 No
256 2249 310 2307 ego
333 2237 448 2291 ecastor
469 2231 574 2292 mulier
596 2232 712 2292 misera.

590 2358 803 2412 Mamaeanas

717 2473 774 2545 Qui
798 2477 830 2533 tu
853 2470 1006 2531 miseras?
1028 2472 1067 2530 mi
1090 2471 1207 2547 expedi.

622 2597 773 2653 Mammam

134 2686 170 2727 631
186 2668 233 2726 Me
256 2668 367 2745 rogas?

590 2779 802 2835 Mammium

361 2901 415 2961 Pol
437 2901 510 2962 haut
532 2922 632 2980 rogem
654 2909 693 2980 te,
718 2904 742 2964 si
765 2904 865 2964 sciam.

611 3038 785 3094 ancmus

865 3136 890 3198 Ο
913 3136 1060 3197 hominem
1083 3138 1207 3197 malum:

136 3267 173 3310 3³2
187 3242 226 3302 Ut
249 3241 421 3304 dissimulat.
445 3264 504 3305 non
526 3252 611 3322 potes
633 3248 747 3307 aelata:
773 3268 835 3309 ram
857 3249 938 3308 novit
960 3250 1067 3324 proba:

136 3371 174 3413 aaa
189 3352 295 3413 Omnia
317 3354 418 3416 hercle
440 3376 495 3434 ego
518 3358 654 3418 edictavi.
