<?xml version="1.0" encoding="UTF-8"?>
<!DOCTYPE html PUBLIC "-//W3C//DTD XHTML 1.0 Transitional//EN"
    "http://www.w3.org/TR/xhtml1/DTD/xhtml1-transitional.dtd">
<html xmlns="http://www.w3.org/1999/xhtml" xml:lang="en" lang="en">
 <head>
  <title>
</title>
<meta http-equiv="Content-Type" content="text/html;charset=utf-8" />
  <meta name='ocr-system' content='tesseract 3.04.00' />
  <meta name='ocr-capabilities' content='ocr_page ocr_carea ocr_par ocr_line ocrx_word'/>
</head>
<body>
  <div class='ocr_page' id='page_1' title='image "./tmacciplautimen00plaugoog_0083.png"; bbox 0 0 3000 4846; ppageno 0'>
   <div class='ocr_carea' id='block_1_1' title="bbox 302 359 1106 425">
    <p class='ocr_par' dir='ltr' id='par_1_1' title="bbox 302 359 1106 425">
     <span class='ocr_line' id='line_1_1' title="bbox 302 359 1106 425; baseline 0.002 -11"><span class='ocrx_word' id='word_1_1' title='bbox 302 365 343 425; x_wconf 80' lang='lat'>72</span> <span class='ocrx_word' id='word_1_2' title='bbox 526 359 594 416; x_wconf 89' lang='lat' dir='ltr'>Act.</span> <span class='ocrx_word' id='word_1_3' title='bbox 606 379 625 415; x_wconf 85' lang='lat' dir='ltr'><strong>v</strong></span> <span class='ocrx_word' id='word_1_4' title='bbox 643 361 714 417; x_wconf 71' lang='lat' dir='ltr'>Sao</span> <span class='ocrx_word' id='word_1_5' title='bbox 735 362 769 418; x_wconf 89' lang='lat' dir='ltr'>V.</span> <span class='ocrx_word' id='word_1_6' title='bbox 783 365 875 416; x_wconf 78' lang='lat'>6-12.</span> <span class='ocrx_word' id='word_1_7' title='bbox 900 363 944 419; x_wconf 85' lang='lat' dir='ltr'>So.</span> <span class='ocrx_word' id='word_1_8' title='bbox 958 366 974 415; x_wconf 89' lang='grc'>4</span> <span class='ocrx_word' id='word_1_9' title='bbox 993 365 1027 420; x_wconf 89' lang='lat' dir='ltr'>V.</span> <span class='ocrx_word' id='word_1_10' title='bbox 1043 367 1106 416; x_wconf 77' lang='lat'>1-7</span> 
     </span>
    </p>
   </div>
   <div class='ocr_carea' id='block_1_2' title="bbox 753 631 883 691">
    <p class='ocr_par' dir='ltr' id='par_1_2' title="bbox 753 631 883 691">
     <span class='ocr_line' id='line_1_2' title="bbox 753 631 883 691; baseline -0.008 0"><span class='ocrx_word' id='word_1_11' title='bbox 753 631 883 691; x_wconf 80' lang='lat' dir='ltr'>SENEX</span> 
     </span>
    </p>
   </div>
   <div class='ocr_carea' id='block_1_3' title="bbox 251 803 1150 1547">
    <p class='ocr_par' dir='ltr' id='par_1_3' title="bbox 254 803 1109 1326">
     <span class='ocr_line' id='line_1_3' title="bbox 254 803 1001 879; baseline 0.003 -19"><span class='ocrx_word' id='word_1_12' title='bbox 254 814 292 856; x_wconf 77' lang='lat'>8⁷0</span> <span class='ocrx_word' id='word_1_13' title='bbox 305 803 413 862; x_wconf 85' lang='lat' dir='ltr'><strong>Lumbi</strong></span> <span class='ocrx_word' id='word_1_14' title='bbox 436 803 577 878; x_wconf 82' lang='lat' dir='ltr'>sedendo,</span> <span class='ocrx_word' id='word_1_15' title='bbox 601 803 682 863; x_wconf 87' lang='lat' dir='ltr'>oculi</span> <span class='ocrx_word' id='word_1_16' title='bbox 703 804 866 879; x_wconf 86' lang='lat' dir='ltr'>spectando</span> <span class='ocrx_word' id='word_1_17' title='bbox 891 803 1001 877; x_wconf 89' lang='lat' dir='ltr'>dolent,</span> 
     </span>
     <span class='ocr_line' id='line_1_4' title="bbox 303 914 1109 991; baseline 0.001 -19"><span class='ocrx_word' id='word_1_18' title='bbox 303 914 452 973; x_wconf 88' lang='lat' dir='ltr'>Manendo</span> <span class='ocrx_word' id='word_1_19' title='bbox 475 914 630 989; x_wconf 85' lang='lat' dir='ltr'>medicum,</span> <span class='ocrx_word' id='word_1_20' title='bbox 656 915 725 975; x_wconf 87' lang='lat' dir='ltr'>dum</span> <span class='ocrx_word' id='word_1_21' title='bbox 748 933 779 974; x_wconf 91' lang='lat' dir='ltr'>se</span> <span class='ocrx_word' id='word_1_22' title='bbox 802 933 840 974; x_wconf 91' lang='lat' dir='ltr'>ex</span> <span class='ocrx_word' id='word_1_23' title='bbox 863 933 953 991; x_wconf 88' lang='lat' dir='ltr'>opere</span> <span class='ocrx_word' id='word_1_24' title='bbox 975 915 1109 991; x_wconf 85' lang='lat' dir='ltr'>recipiat.</span> 
     </span>
     <span class='ocr_line' id='line_1_5' title="bbox 304 1024 975 1102; baseline 0 -18"><span class='ocrx_word' id='word_1_25' title='bbox 304 1024 433 1084; x_wconf 84' lang='lat' dir='ltr'>Odiosus</span> <span class='ocrx_word' id='word_1_26' title='bbox 455 1026 577 1085; x_wconf 87' lang='lat' dir='ltr'>tandem</span> <span class='ocrx_word' id='word_1_27' title='bbox 598 1025 650 1085; x_wconf 87' lang='lat' dir='ltr'>vix</span> <span class='ocrx_word' id='word_1_28' title='bbox 672 1026 709 1086; x_wconf 92' lang='lat' dir='ltr'>ab</span> <span class='ocrx_word' id='word_1_29' title='bbox 733 1026 862 1102; x_wconf 83' lang='lat' dir='ltr'>aegrotis</span> <span class='ocrx_word' id='word_1_30' title='bbox 885 1026 975 1085; x_wconf 91' lang='lat' dir='ltr'>venit.</span> 
     </span>
     <span class='ocr_line' id='line_1_6' title="bbox 302 1137 1039 1213; baseline 0.004 -19"><span class='ocrx_word' id='word_1_31' title='bbox 302 1137 356 1194; x_wconf 92' lang='lat' dir='ltr'>Ait</span> <span class='ocrx_word' id='word_1_32' title='bbox 378 1154 409 1195; x_wconf 88' lang='lat' dir='ltr'>se</span> <span class='ocrx_word' id='word_1_33' title='bbox 433 1138 585 1213; x_wconf 81' lang='lat' dir='ltr'>obligasse</span> <span class='ocrx_word' id='word_1_34' title='bbox 608 1155 676 1197; x_wconf 88' lang='lat' dir='ltr'>orus</span> <span class='ocrx_word' id='word_1_35' title='bbox 699 1137 826 1197; x_wconf 84' lang='lat' dir='ltr'>fractum</span> <span class='ocrx_word' id='word_1_36' title='bbox 848 1138 1039 1213; x_wconf 76' lang='lat' dir='ltr'>Aesculapio,</span> 
     </span>
     <span class='ocr_line' id='line_1_7' title="bbox 304 1248 987 1326; baseline 0 -19"><span class='ocrx_word' id='word_1_37' title='bbox 304 1249 441 1323; x_wconf 87' lang='lat' dir='ltr'>Apollini</span> <span class='ocrx_word' id='word_1_38' title='bbox 463 1253 562 1309; x_wconf 89' lang='lat' dir='ltr'>autem</span> <span class='ocrx_word' id='word_1_39' title='bbox 583 1248 753 1309; x_wconf 78' lang='lat' dir='ltr'>brachium:</span> <span class='ocrx_word' id='word_1_40' title='bbox 778 1267 856 1309; x_wconf 88' lang='lat' dir='ltr'>nuno</span> <span class='ocrx_word' id='word_1_41' title='bbox 879 1248 987 1326; x_wconf 81' lang='lat' dir='ltr'>cogito,</span> 
     </span>
    </p>

    <p class='ocr_par' dir='ltr' id='par_1_4' title="bbox 251 1359 1150 1547">
     <span class='ocr_line' id='line_1_8' title="bbox 251 1359 1107 1421; baseline 0 -4"><span class='ocrx_word' id='word_1_42' title='bbox 251 1367 289 1408; x_wconf 82' lang='lat'>8⁷⁵</span> <span class='ocrx_word' id='word_1_43' title='bbox 305 1359 410 1418; x_wconf 92' lang='lat' dir='ltr'>Utrum</span> <span class='ocrx_word' id='word_1_44' title='bbox 432 1379 478 1420; x_wconf 92' lang='lat' dir='ltr'>me</span> <span class='ocrx_word' id='word_1_45' title='bbox 501 1361 598 1421; x_wconf 86' lang='lat' dir='ltr'>dicam</span> <span class='ocrx_word' id='word_1_46' title='bbox 621 1361 730 1420; x_wconf 87' lang='lat' dir='ltr'>ducere</span> <span class='ocrx_word' id='word_1_47' title='bbox 754 1361 898 1419; x_wconf 86' lang='lat' dir='ltr'>medicum</span> <span class='ocrx_word' id='word_1_48' title='bbox 922 1380 960 1420; x_wconf 91' lang='lat' dir='ltr'>an</span> <span class='ocrx_word' id='word_1_49' title='bbox 982 1359 1107 1419; x_wconf 84' lang='lat' dir='ltr'>fabrum.</span> 
     </span>
     <span class='ocr_line' id='line_1_9' title="bbox 303 1471 1150 1547; baseline 0 -19"><span class='ocrx_word' id='word_1_50' title='bbox 303 1471 406 1545; x_wconf 82' lang='lat' dir='ltr'>Atque</span> <span class='ocrx_word' id='word_1_51' title='bbox 430 1490 532 1532; x_wconf 87' lang='lat' dir='ltr'>eccum</span> <span class='ocrx_word' id='word_1_52' title='bbox 554 1473 674 1532; x_wconf 86' lang='lat' dir='ltr'>incedit.</span> <span class='ocrx_word' id='word_1_53' title='bbox 698 1473 785 1532; x_wconf 85' lang='lat' dir='ltr'>Move</span> <span class='ocrx_word' id='word_1_54' title='bbox 808 1472 995 1532; x_wconf 82' lang='lat' dir='ltr'>formicinum</span> <span class='ocrx_word' id='word_1_55' title='bbox 1017 1471 1150 1547; x_wconf 60' lang='lat' dir='ltr'>madum.</span> 
     </span>
    </p>
   </div>
   <div class='ocr_carea' id='block_1_4' title="bbox 718 1658 917 1666">
    <p class='ocr_par' dir='ltr' id='par_1_5' title="bbox 718 1658 917 1666">
     <span class='ocr_line' id='line_1_10' title="bbox 718 1658 917 1666; baseline 0 0"><span class='ocrx_word' id='word_1_56' title='bbox 718 1658 917 1666; x_wconf 85' lang='lat'><strong>—-—-</strong></span> 
     </span>
    </p>
   </div>
   <div class='ocr_carea' id='block_1_5' title="bbox 631 1796 994 1856">
    <p class='ocr_par' dir='ltr' id='par_1_6' title="bbox 631 1796 994 1856">
     <span class='ocr_line' id='line_1_11' title="bbox 631 1796 994 1856; baseline -0.003 -1"><span class='ocrx_word' id='word_1_57' title='bbox 631 1797 816 1856; x_wconf 83' lang='lat' dir='ltr'>MEDIOUS.</span> <span class='ocrx_word' id='word_1_58' title='bbox 862 1796 994 1855; x_wconf 77' lang='lat' dir='ltr'>SENEX</span> 
     </span>
    </p>
   </div>
   <div class='ocr_carea' id='block_1_6' title="bbox 251 1963 1060 2135">
    <p class='ocr_par' dir='ltr' id='par_1_7' title="bbox 251 1963 1060 2135">
     <span class='ocr_line' id='line_1_12' title="bbox 747 1963 885 2016; baseline 0.007 -1"><span class='ocrx_word' id='word_1_59' title='bbox 747 1963 885 2016; x_wconf 82' lang='lat' dir='ltr'>Mnnlous</span> 
     </span>
     <span class='ocr_line' id='line_1_13' title="bbox 251 2061 1060 2135; baseline 0 -16"><span class='ocrx_word' id='word_1_60' title='bbox 251 2078 288 2119; x_wconf 78' lang='lat' dir='ltr'>mr</span> <span class='ocrx_word' id='word_1_61' title='bbox 304 2061 382 2132; x_wconf 81' lang='lat' dir='ltr'>Quid</span> <span class='ocrx_word' id='word_1_62' title='bbox 405 2078 470 2120; x_wconf 91' lang='lat' dir='ltr'>esse</span> <span class='ocrx_word' id='word_1_63' title='bbox 492 2062 536 2121; x_wconf 91' lang='lat' dir='ltr'>illi</span> <span class='ocrx_word' id='word_1_64' title='bbox 559 2063 653 2122; x_wconf 90' lang='lat' dir='ltr'>morbi</span> <span class='ocrx_word' id='word_1_65' title='bbox 676 2061 816 2121; x_wconf 76' lang='lat' dir='ltr'>dixerasl</span> <span class='ocrx_word' id='word_1_66' title='bbox 837 2080 936 2135; x_wconf 82' lang='lat' dir='ltr'>narra,</span> <span class='ocrx_word' id='word_1_67' title='bbox 961 2075 1060 2120; x_wconf 87' lang='lat' dir='ltr'>senex.</span> 
     </span>
    </p>
   </div>
   <div class='ocr_carea' id='block_1_7' title="bbox 302 2171 977 2234">
    <p class='ocr_par' dir='ltr' id='par_1_8' title="bbox 302 2171 977 2234">
     <span class='ocr_line' id='line_1_14' title="bbox 302 2171 977 2234; baseline 0.004 -5"><span class='ocrx_word' id='word_1_68' title='bbox 302 2171 383 2230; x_wconf 90' lang='lat' dir='ltr'>Num</span> <span class='ocrx_word' id='word_1_69' title='bbox 405 2173 540 2233; x_wconf 88' lang='lat' dir='ltr'>laruatus</span> <span class='ocrx_word' id='word_1_70' title='bbox 563 2177 615 2233; x_wconf 90' lang='lat' dir='ltr'>aut</span> <span class='ocrx_word' id='word_1_71' title='bbox 637 2173 785 2234; x_wconf 76' lang='lat' dir='ltr'>cerritusl</span> <span class='ocrx_word' id='word_1_72' title='bbox 806 2174 854 2233; x_wconf 89' lang='lat' dir='ltr'>fac</span> <span class='ocrx_word' id='word_1_73' title='bbox 877 2174 977 2233; x_wconf 89' lang='lat' dir='ltr'>sciam.</span> 
     </span>
    </p>
   </div>
   <div class='ocr_carea' id='block_1_8' title="bbox 302 2282 1090 2447">
    <p class='ocr_par' dir='ltr' id='par_1_9' title="bbox 302 2282 1090 2447">
     <span class='ocr_line' id='line_1_15' title="bbox 302 2282 1090 2361; baseline 0 -19"><span class='ocrx_word' id='word_1_74' title='bbox 302 2283 382 2343; x_wconf 90' lang='lat' dir='ltr'>Num</span> <span class='ocrx_word' id='word_1_75' title='bbox 406 2303 473 2344; x_wconf 90' lang='lat' dir='ltr'>eum</span> <span class='ocrx_word' id='word_1_76' title='bbox 494 2290 635 2345; x_wconf 86' lang='lat' dir='ltr'>veternus</span> <span class='ocrx_word' id='word_1_77' title='bbox 659 2290 710 2345; x_wconf 91' lang='lat' dir='ltr'>aut</span> <span class='ocrx_word' id='word_1_78' title='bbox 733 2304 813 2361; x_wconf 91' lang='lat' dir='ltr'>aqua</span> <span class='ocrx_word' id='word_1_79' title='bbox 834 2286 965 2345; x_wconf 85' lang='lat' dir='ltr'>intercus</span> <span class='ocrx_word' id='word_1_80' title='bbox 988 2282 1090 2344; x_wconf 69' lang='lat' dir='ltr'>teneti</span> 
     </span>
     <span class='ocr_line' id='line_1_16' title="bbox 768 2392 870 2447; baseline -0.01 0"><span class='ocrx_word' id='word_1_81' title='bbox 768 2392 870 2447; x_wconf 79' lang='lat' dir='ltr'>Smnmx</span> 
     </span>
    </p>
   </div>
   <div class='ocr_carea' id='block_1_9' title="bbox 250 2489 1025 2563">
    <p class='ocr_par' dir='ltr' id='par_1_10' title="bbox 250 2489 1025 2563">
     <span class='ocr_line' id='line_1_17' title="bbox 250 2489 1025 2563; baseline 0.001 -15"><span class='ocrx_word' id='word_1_82' title='bbox 250 2505 289 2548; x_wconf 85' lang='lat' dir='ltr'>sao</span> <span class='ocrx_word' id='word_1_83' title='bbox 304 2489 382 2560; x_wconf 77' lang='lat' dir='ltr'>Quin</span> <span class='ocrx_word' id='word_1_84' title='bbox 406 2509 441 2549; x_wconf 91' lang='lat' dir='ltr'>ea</span> <span class='ocrx_word' id='word_1_85' title='bbox 463 2494 492 2550; x_wconf 91' lang='lat' dir='ltr'>te</span> <span class='ocrx_word' id='word_1_86' title='bbox 517 2509 609 2551; x_wconf 88' lang='lat' dir='ltr'>eausa</span> <span class='ocrx_word' id='word_1_87' title='bbox 632 2491 708 2551; x_wconf 87' lang='lat' dir='ltr'>duco</span> <span class='ocrx_word' id='word_1_88' title='bbox 731 2495 764 2550; x_wconf 91' lang='lat' dir='ltr'>ut</span> <span class='ocrx_word' id='word_1_89' title='bbox 786 2491 817 2550; x_wconf 89' lang='lat' dir='ltr'>id</span> <span class='ocrx_word' id='word_1_90' title='bbox 841 2491 923 2550; x_wconf 88' lang='lat' dir='ltr'>dieas</span> <span class='ocrx_word' id='word_1_91' title='bbox 946 2489 1025 2563; x_wconf 87' lang='lat' dir='ltr'>mihi,</span> 
     </span>
    </p>
   </div>
   <div class='ocr_carea' id='block_1_10' title="bbox 302 2601 888 2763">
    <p class='ocr_par' dir='ltr' id='par_1_11' title="bbox 302 2601 888 2763">
     <span class='ocr_line' id='line_1_18' title="bbox 302 2601 817 2676; baseline 0 -17"><span class='ocrx_word' id='word_1_92' title='bbox 302 2601 404 2676; x_wconf 84' lang='lat' dir='ltr'>Atque</span> <span class='ocrx_word' id='word_1_93' title='bbox 427 2602 511 2661; x_wconf 92' lang='lat' dir='ltr'>illum</span> <span class='ocrx_word' id='word_1_94' title='bbox 533 2607 566 2662; x_wconf 92' lang='lat' dir='ltr'>ut</span> <span class='ocrx_word' id='word_1_95' title='bbox 588 2621 692 2662; x_wconf 89' lang='lat' dir='ltr'>sanum</span> <span class='ocrx_word' id='word_1_96' title='bbox 714 2602 817 2662; x_wconf 86' lang='lat' dir='ltr'>facias.</span> 
     </span>
     <span class='ocr_line' id='line_1_19' title="bbox 747 2711 888 2763; baseline -0.007 0"><span class='ocrx_word' id='word_1_97' title='bbox 747 2711 888 2763; x_wconf 84' lang='lat' dir='ltr'>Mnnrcns</span> 
     </span>
    </p>
   </div>
   <div class='ocr_carea' id='block_1_11' title="bbox 822 2802 1291 2880">
    <p class='ocr_par' dir='ltr' id='par_1_12' title="bbox 822 2802 1291 2880">
     <span class='ocr_line' id='line_1_20' title="bbox 822 2802 1291 2880; baseline -0.006 -15"><span class='ocrx_word' id='word_1_98' title='bbox 822 2806 971 2866; x_wconf 85' lang='lat' dir='ltr'>Perfacile</span> <span class='ocrx_word' id='word_1_99' title='bbox 994 2806 1025 2864; x_wconf 89' lang='lat' dir='ltr'>id</span> <span class='ocrx_word' id='word_1_100' title='bbox 1050 2805 1205 2880; x_wconf 85' lang='lat' dir='ltr'>quidemst.</span> <span class='ocrx_word' id='word_1_101' title='bbox 1282 2802 1291 2837; x_wconf 67' lang='lat'>”-</span> 
     </span>
    </p>
   </div>
   <div class='ocr_carea' id='block_1_12' title="bbox 303 2916 1048 3200">
    <p class='ocr_par' dir='ltr' id='par_1_13' title="bbox 303 2916 1048 3200">
     <span class='ocr_line' id='line_1_21' title="bbox 303 2916 1048 2995; baseline 0.001 -20"><span class='ocrx_word' id='word_1_102' title='bbox 303 2917 412 2976; x_wconf 82' lang='lat' dir='ltr'>Sanum</span> <span class='ocrx_word' id='word_1_103' title='bbox 435 2917 575 2992; x_wconf 83' lang='lat' dir='ltr'>futurum,</span> <span class='ocrx_word' id='word_1_104' title='bbox 599 2937 665 2979; x_wconf 92' lang='lat' dir='ltr'>mea</span> <span class='ocrx_word' id='word_1_105' title='bbox 688 2936 743 2995; x_wconf 83' lang='lat' dir='ltr'>ego</span> <span class='ocrx_word' id='word_1_106' title='bbox 766 2919 797 2979; x_wconf 89' lang='lat' dir='ltr'>id</span> <span class='ocrx_word' id='word_1_107' title='bbox 819 2917 958 2994; x_wconf 83' lang='lat' dir='ltr'>promitto</span> <span class='ocrx_word' id='word_1_108' title='bbox 980 2916 1048 2976; x_wconf 90' lang='lat' dir='ltr'>fide.</span> 
     </span>
     <span class='ocr_line' id='line_1_22' title="bbox 769 3026 870 3080; baseline -0.02 0"><span class='ocrx_word' id='word_1_109' title='bbox 769 3026 870 3080; x_wconf 76' lang='lat' dir='ltr'>Snmnx</span> 
     </span>
     <span class='ocr_line' id='line_1_23' title="bbox 304 3123 1007 3200; baseline -0.001 -19"><span class='ocrx_word' id='word_1_110' title='bbox 304 3124 415 3199; x_wconf 83' lang='lat' dir='ltr'>Magna</span> <span class='ocrx_word' id='word_1_111' title='bbox 438 3143 504 3184; x_wconf 91' lang='lat' dir='ltr'>oum</span> <span class='ocrx_word' id='word_1_112' title='bbox 528 3142 600 3184; x_wconf 87' lang='lat' dir='ltr'>eura</span> <span class='ocrx_word' id='word_1_113' title='bbox 623 3143 678 3200; x_wconf 83' lang='lat' dir='ltr'>ego</span> <span class='ocrx_word' id='word_1_114' title='bbox 701 3125 785 3184; x_wconf 91' lang='lat' dir='ltr'>illum</span> <span class='ocrx_word' id='word_1_115' title='bbox 808 3124 907 3184; x_wconf 86' lang='lat' dir='ltr'>curari</span> <span class='ocrx_word' id='word_1_116' title='bbox 928 3123 1007 3182; x_wconf 86' lang='lat' dir='ltr'>volo.</span> 
     </span>
    </p>
   </div>
   <div class='ocr_carea' id='block_1_13' title="bbox 303 3378 1337 4300">
    <p class='ocr_par' dir='ltr' id='par_1_14' title="bbox 303 3378 1337 4201">
     <span class='ocr_line' id='line_1_24' title="bbox 373 3378 1335 3443; baseline 0.001 -15"><span class='ocrx_word' id='word_1_117' title='bbox 373 3384 421 3429; x_wconf 82' lang='lat'>870</span> <span class='ocrx_word' id='word_1_118' title='bbox 435 3379 541 3431; x_wconf 79' lang='lat' dir='ltr'>Ausonii</span> <span class='ocrx_word' id='word_1_119' title='bbox 552 3383 580 3431; x_wconf 76' lang='lat' dir='ltr'>io</span> <span class='ocrx_word' id='word_1_120' title='bbox 592 3381 664 3430; x_wconf 82' lang='lat' dir='ltr'>Ludo</span> <span class='ocrx_word' id='word_1_121' title='bbox 682 3386 779 3443; x_wconf 80' lang='lat' dir='ltr'>septem</span> <span class='ocrx_word' id='word_1_122' title='bbox 796 3383 941 3443; x_wconf 80' lang='lat' dir='ltr'>sapientam</span> <span class='ocrx_word' id='word_1_123' title='bbox 952 3381 1042 3439; x_wconf 72' lang='lat' dir='ltr'>incipit</span> <span class='ocrx_word' id='word_1_124' title='bbox 1057 3378 1146 3428; x_wconf 75' lang='lat' dir='ltr'>Chilon</span> <span class='ocrx_word' id='word_1_125' title='bbox 1159 3381 1195 3442; x_wconf 86' lang='lat' dir='ltr'>(p.</span> <span class='ocrx_word' id='word_1_126' title='bbox 1208 3383 1257 3430; x_wconf 74' lang='lat'>278</span> <span class='ocrx_word' id='word_1_127' title='bbox 1276 3379 1335 3429; x_wconf 83' lang='lat' dir='ltr'>Tol-</span> 
     </span>
     <span class='ocr_line' id='line_1_25' title="bbox 303 3458 1335 3531; baseline -0.002 -16"><span class='ocrx_word' id='word_1_128' title='bbox 303 3467 341 3526; x_wconf 78' lang='lat' dir='ltr'>lit)</span> <span class='ocrx_word' id='word_1_129' title='bbox 362 3458 473 3517; x_wconf 84' lang='lat' dir='ltr'>‘Lumbi</span> <span class='ocrx_word' id='word_1_130' title='bbox 499 3467 620 3517; x_wconf 85' lang='lat' dir='ltr'>sedendo</span> <span class='ocrx_word' id='word_1_131' title='bbox 642 3468 771 3531; x_wconf 87' lang='lat' dir='ltr'>oculique</span> <span class='ocrx_word' id='word_1_132' title='bbox 789 3466 926 3529; x_wconf 81' lang='lat' dir='ltr'>spectando</span> <span class='ocrx_word' id='word_1_133' title='bbox 944 3464 1038 3514; x_wconf 88' lang='lat' dir='ltr'>dolent</span> <span class='ocrx_word' id='word_1_134' title='bbox 1055 3464 1188 3515; x_wconf 87' lang='lat' dir='ltr'>Manendo</span> <span class='ocrx_word' id='word_1_135' title='bbox 1207 3465 1335 3515; x_wconf 90' lang='lat' dir='ltr'>Solonem</span> 
     </span>
     <span class='ocr_line' id='line_1_26' title="bbox 305 3543 1336 3617; baseline -0.001 -16"><span class='ocrx_word' id='word_1_136' title='bbox 305 3552 396 3614; x_wconf 88' lang='lat' dir='ltr'>quoad</span> <span class='ocrx_word' id='word_1_137' title='bbox 415 3565 475 3602; x_wconf 90' lang='lat' dir='ltr'>sese</span> <span class='ocrx_word' id='word_1_138' title='bbox 494 3547 633 3617; x_wconf 85' lang='lat' dir='ltr'>recipiat’,</span> <span class='ocrx_word' id='word_1_139' title='bbox 654 3553 698 3602; x_wconf 81' lang='lat' dir='ltr'>sed</span> <span class='ocrx_word' id='word_1_140' title='bbox 716 3554 858 3602; x_wconf 78' lang='lat' dir='ltr'>adnotator</span> <span class='ocrx_word' id='word_1_141' title='bbox 873 3543 1075 3600; x_wconf 73' lang='lat' dir='ltr'>‘coniunctiorem</span> <span class='ocrx_word' id='word_1_142' title='bbox 1089 3551 1248 3611; x_wconf 77' lang='lat' dir='ltr'>particulam</span> <span class='ocrx_word' id='word_1_143' title='bbox 1264 3554 1336 3600; x_wconf 83' lang='lat' dir='ltr'>vele-</span> 
     </span>
     <span class='ocr_line' id='line_1_27' title="bbox 304 3630 1335 3698; baseline -0.002 -12"><span class='ocrx_word' id='word_1_144' title='bbox 304 3650 360 3686; x_wconf 82' lang='lat' dir='ltr'>rem</span> <span class='ocrx_word' id='word_1_145' title='bbox 377 3639 511 3687; x_wconf 83' lang='lat' dir='ltr'>lectionem</span> <span class='ocrx_word' id='word_1_146' title='bbox 527 3651 579 3687; x_wconf 82' lang='lat' dir='ltr'>ooo</span> <span class='ocrx_word' id='word_1_147' title='bbox 597 3633 729 3688; x_wconf 73' lang='lat' dir='ltr'>babuisse?</span> <span class='ocrx_word' id='word_1_148' title='bbox 845 3630 1025 3698; x_wconf 82' lang='lat' dir='ltr'>exspectando</span> <span class='ocrx_word' id='word_1_149' title='bbox 1040 3634 1084 3684; x_wconf 80' lang='lat' dir='ltr'>BC</span> <span class='ocrx_word' id='word_1_150' title='bbox 1191 3638 1240 3684; x_wconf 79' lang='lat' dir='ltr'>sto</span> <span class='ocrx_word' id='word_1_151' title='bbox 1260 3636 1335 3685; x_wconf 78' lang='lat' dir='ltr'>Pris-</span> 
     </span>
     <span class='ocr_line' id='line_1_28' title="bbox 304 3716 1334 3784; baseline 0 -13"><span class='ocrx_word' id='word_1_152' title='bbox 304 3725 396 3772; x_wconf 75' lang='lat' dir='ltr'>cianus</span> <span class='ocrx_word' id='word_1_153' title='bbox 410 3728 434 3783; x_wconf 77' lang='lat' dir='ltr'>t,</span> <span class='ocrx_word' id='word_1_154' title='bbox 451 3737 478 3784; x_wconf 88' lang='lat' dir='ltr'>p.</span> <span class='ocrx_word' id='word_1_155' title='bbox 492 3727 534 3783; x_wconf 81' lang='lat'>79,</span> <span class='ocrx_word' id='word_1_156' title='bbox 552 3727 582 3772; x_wconf 79' lang='lat' dir='ltr'>ts</span> <span class='ocrx_word' id='word_1_157' title='bbox 603 3724 633 3772; x_wconf 87' lang='grc' dir='ltr'>Η.</span> <span class='ocrx_word' id='word_1_158' title='bbox 654 3716 783 3772; x_wconf 85' lang='lat' dir='ltr'>‘formica</span> <span class='ocrx_word' id='word_1_159' title='bbox 801 3721 973 3771; x_wconf 86' lang='lat' dir='ltr'>formicinus.</span> <span class='ocrx_word' id='word_1_160' title='bbox 993 3721 1031 3770; x_wconf 89' lang='lat' dir='ltr'>Pl.</span> <span class='ocrx_word' id='word_1_161' title='bbox 1044 3721 1072 3769; x_wconf 93' lang='lat' dir='ltr'>in</span> <span class='ocrx_word' id='word_1_162' title='bbox 1084 3722 1153 3770; x_wconf 87' lang='lat' dir='ltr'>Men.</span> <span class='ocrx_word' id='word_1_163' title='bbox 1171 3720 1274 3784; x_wconf 76' lang='lat' dir='ltr'>“atque</span> <span class='ocrx_word' id='word_1_164' title='bbox 1288 3759 1294 3770; x_wconf 96' lang='lat'>.</span> <span class='ocrx_word' id='word_1_165' title='bbox 1308 3759 1314 3770; x_wconf 95' lang='lat'>.</span> <span class='ocrx_word' id='word_1_166' title='bbox 1329 3760 1334 3771; x_wconf 86' lang='lat'>.</span> 
     </span>
     <span class='ocr_line' id='line_1_29' title="bbox 304 3802 1336 3875; baseline 0 -19"><span class='ocrx_word' id='word_1_167' title='bbox 304 3803 454 3871; x_wconf 83' lang='lat' dir='ltr'>gradum”.’</span> <span class='ocrx_word' id='word_1_168' title='bbox 551 3813 599 3857; x_wconf 82' lang='lat'>877</span> <span class='ocrx_word' id='word_1_169' title='bbox 606 3802 675 3875; x_wconf 18' lang='lat' dir='ltr'>*esse</span> <span class='ocrx_word' id='word_1_170' title='bbox 693 3809 847 3871; x_wconf 80' lang='lat' dir='ltr'>Lipsiensis:</span> <span class='ocrx_word' id='word_1_171' title='bbox 869 3805 935 3858; x_wconf 81' lang='lat' dir='ltr'>esset</span> <span class='ocrx_word' id='word_1_172' title='bbox 949 3804 993 3856; x_wconf 85' lang='lat' dir='ltr'>BC</span> <span class='ocrx_word' id='word_1_173' title='bbox 1084 3806 1123 3855; x_wconf 87' lang='lat' dir='ltr'>illi</span> <span class='ocrx_word' id='word_1_174' title='bbox 1143 3819 1201 3856; x_wconf 89' lang='lat' dir='ltr'>csse</span> <span class='ocrx_word' id='word_1_175' title='bbox 1221 3807 1336 3856; x_wconf 83' lang='lat' dir='ltr'>ltitsebe-</span> 
     </span>
     <span class='ocr_line' id='line_1_30' title="bbox 304 3885 1333 3956; baseline -0.003 -13"><span class='ocrx_word' id='word_1_176' title='bbox 304 3895 355 3944; x_wconf 78' lang='lat' dir='ltr'>lias</span> <span class='ocrx_word' id='word_1_177' title='bbox 459 3899 508 3943; x_wconf 86' lang='lat'>878</span> <span class='ocrx_word' id='word_1_178' title='bbox 531 3894 568 3956; x_wconf 76' lang='lat' dir='ltr'>Cf.</span> <span class='ocrx_word' id='word_1_179' title='bbox 583 3896 684 3944; x_wconf 81' lang='lat' dir='ltr'>Nonius</span> <span class='ocrx_word' id='word_1_180' title='bbox 703 3908 730 3956; x_wconf 90' lang='lat' dir='ltr'>p.</span> <span class='ocrx_word' id='word_1_181' title='bbox 748 3897 789 3952; x_wconf 77' lang='lat' dir='ltr'>tl,</span> <span class='ocrx_word' id='word_1_182' title='bbox 805 3898 835 3941; x_wconf 73' lang='grc'>86</span> <span class='ocrx_word' id='word_1_183' title='bbox 856 3885 962 3940; x_wconf 86' lang='lat' dir='ltr'>‘corriti</span> <span class='ocrx_word' id='word_1_184' title='bbox 981 3895 1007 3940; x_wconf 87' lang='lat' dir='ltr'>et</span> <span class='ocrx_word' id='word_1_185' title='bbox 1026 3893 1122 3942; x_wconf 87' lang='lat' dir='ltr'>larvati</span> <span class='ocrx_word' id='word_1_186' title='bbox 1145 3891 1215 3940; x_wconf 88' lang='lat' dir='ltr'>male</span> <span class='ocrx_word' id='word_1_187' title='bbox 1234 3892 1293 3941; x_wconf 88' lang='lat' dir='ltr'>sani</span> <span class='ocrx_word' id='word_1_188' title='bbox 1307 3928 1333 3941; x_wconf 83' lang='lat'>..</span> 
     </span>
     <span class='ocr_line' id='line_1_31' title="bbox 304 3977 1335 4043; baseline -0.003 -15"><span class='ocrx_word' id='word_1_189' title='bbox 304 3980 342 4030; x_wconf 89' lang='lat' dir='ltr'>Pl.</span> <span class='ocrx_word' id='word_1_190' title='bbox 360 3980 528 4043; x_wconf 80' lang='lat' dir='ltr'>Amfitryone</span> <span class='ocrx_word' id='word_1_191' title='bbox 552 3980 726 4029; x_wconf 72' lang='lat' dir='ltr'>“laruatust</span> <span class='ocrx_word' id='word_1_192' title='bbox 750 3979 847 4041; x_wconf 86' lang='lat' dir='ltr'>edepol</span> <span class='ocrx_word' id='word_1_193' title='bbox 872 3979 1010 4026; x_wconf 89' lang='lat' dir='ltr'>hominem</span> <span class='ocrx_word' id='word_1_194' title='bbox 1029 3979 1174 4026; x_wconf 89' lang='lat' dir='ltr'>miserum:</span> <span class='ocrx_word' id='word_1_195' title='bbox 1195 3977 1335 4026; x_wconf 89' lang='lat' dir='ltr'>medicum</span> 
     </span>
     <span class='ocr_line' id='line_1_32' title="bbox 305 4063 1335 4128; baseline -0.005 -12"><span class='ocrx_word' id='word_1_196' title='bbox 305 4065 465 4128; x_wconf 53' lang='lat' dir='ltr'>quaeritat?</span> <span class='ocrx_word' id='word_1_197' title='bbox 482 4067 557 4116; x_wconf 88' lang='lat' dir='ltr'>Idem</span> <span class='ocrx_word' id='word_1_198' title='bbox 578 4066 605 4114; x_wconf 93' lang='lat' dir='ltr'>in</span> <span class='ocrx_word' id='word_1_199' title='bbox 617 4064 721 4116; x_wconf 84' lang='lat' dir='ltr'>Amfilr.</span> <span class='ocrx_word' id='word_1_200' title='bbox 739 4063 866 4124; x_wconf 76' lang='lat' dir='ltr'>“Quaeso</span> <span class='ocrx_word' id='word_1_201' title='bbox 885 4063 1039 4113; x_wconf 84' lang='lat' dir='ltr'>advenienti</span> <span class='ocrx_word' id='word_1_202' title='bbox 1053 4063 1149 4113; x_wconf 89' lang='lat' dir='ltr'>morbo</span> <span class='ocrx_word' id='word_1_203' title='bbox 1163 4063 1335 4112; x_wconf 85' lang='lat' dir='ltr'>medicamen</span> 
     </span>
     <span class='ocr_line' id='line_1_33' title="bbox 304 4142 1337 4201; baseline -0.003 -2"><span class='ocrx_word' id='word_1_204' title='bbox 304 4150 368 4200; x_wconf 88' lang='lat' dir='ltr'>tibi:</span> <span class='ocrx_word' id='word_1_205' title='bbox 390 4152 431 4201; x_wconf 92' lang='lat' dir='ltr'>Tu</span> <span class='ocrx_word' id='word_1_206' title='bbox 449 4155 522 4201; x_wconf 86' lang='lat' dir='ltr'>certe</span> <span class='ocrx_word' id='word_1_207' title='bbox 541 4153 587 4201; x_wconf 88' lang='lat' dir='ltr'>aut</span> <span class='ocrx_word' id='word_1_208' title='bbox 606 4151 727 4200; x_wconf 87' lang='lat' dir='ltr'>laruatus</span> <span class='ocrx_word' id='word_1_209' title='bbox 740 4151 787 4199; x_wconf 87' lang='lat' dir='ltr'>aut</span> <span class='ocrx_word' id='word_1_210' title='bbox 805 4149 920 4197; x_wconf 88' lang='lat' dir='ltr'>cerritus</span> <span class='ocrx_word' id='word_1_211' title='bbox 939 4144 998 4199; x_wconf 85' lang='lat' dir='ltr'>es”.&#39;</span> <span class='ocrx_word' id='word_1_212' title='bbox 1097 4152 1145 4198; x_wconf 82' lang='lat'>879</span> <span class='ocrx_word' id='word_1_213' title='bbox 1164 4142 1281 4197; x_wconf 85' lang='lat' dir='ltr'>uetenus</span> <span class='ocrx_word' id='word_1_214' title='bbox 1292 4147 1337 4197; x_wconf 86' lang='lat' dir='ltr'>BC</span> 
     </span>
    </p>

    <p class='ocr_par' dir='ltr' id='par_1_15' title="bbox 375 4229 1335 4300">
     <span class='ocr_line' id='line_1_34' title="bbox 375 4229 1335 4300; baseline -0.004 -14"><span class='ocrx_word' id='word_1_215' title='bbox 375 4229 1030 4300; x_wconf 53' lang='lat' dir='ltr'>tfflwmfflbwmmefflflwmfflc</span> <span class='ocrx_word' id='word_1_216' title='bbox 1139 4237 1335 4296; x_wconf 56' lang='lat' dir='ltr'>mmmmo</span> 
     </span>
    </p>
   </div>
   <div class='ocr_carea' id='block_1_14' title="bbox 0 0 1507 4846">
    <p class='ocr_par' dir='ltr' id='par_1_16' title="bbox 0 0 1507 4846">
     <span class='ocr_line' id='line_1_35' title="bbox 0 0 1507 4846; baseline 0 0"><span class='ocrx_word' id='word_1_217' title='bbox 0 0 1507 4846; x_wconf 95' lang='lat' dir='ltr'> </span> 
     </span>
    </p>
   </div>
  </div>
 </body>
</html>
