3000 4846
493 333 597 390 Actu
615 333 660 390 So.
675 337 690 387 3
709 336 744 392 V.
760 337 861 388 83-90

601 507 756 561 Mussnuro
773 553 781 569 ,

164 607 232 666 Non
253 610 286 664 tu
307 604 380 663 istas
402 603 573 664 meretrices
595 605 712 679 novisti,
736 603 809 664 ere‘l

576 729 791 784 murinorum

758 828 850 901 Taoe,
874 828 998 903 inquam
1011 874 1017 887 .
1032 874 1039 887 .

146 940 238 1001 *Mihi
260 939 380 1009 dolebit,
404 957 463 999 non
485 939 549 1014 tibi,
572 938 597 998 si
621 939 694 1013 quid
716 956 771 1015 ego
795 941 883 999 stulte
905 939 1014 1000 feeero.

113 1066 152 1108 sao
164 1052 271 1112 Mulier
282 1051 357 1111 haee
370 1052 462 1110 stulta
477 1053 568 1125 atque
579 1049 686 1110 inseita
701 1053 760 1109 est:
787 1055 931 1124 quantum
942 1052 1083 1128 perspexi
1097 1052 1193 1127 modo,

164 1165 219 1224 Est
240 1163 289 1222 hio
311 1162 427 1238 praeda
449 1161 543 1221 nobis.

600 1268 754 1322 Mnssnnro

549 1365 638 1439 Perii,
662 1365 759 1425 iamne
782 1366 869 1426 abisl
891 1367 984 1427 Periit
1006 1369 1113 1443 probe:

164 1481 255 1541 Dueit
276 1479 406 1539 lembum
429 1477 592 1537 dierectum
614 1477 699 1536 navis
722 1478 924 1553 praedatoria.

58 1662 61 1667 ,
165 1593 225 1654 Sed
246 1609 301 1667 ego
323 1588 447 1649 inseitus
472 1587 523 1663 qui
546 1588 663 1648 domino
685 1607 731 1648 me
754 1592 901 1666 postulem
922 1589 1121 1650 moderarier:

164 1705 251 1764 Dieto
274 1721 320 1762 me
343 1700 414 1761 emit
437 1699 615 1774 audientem,
638 1700 721 1759 haud
742 1700 951 1777 imperatorem
973 1701 1038 1761 sibi.

112 1813 335 1890 assequimini,
356 1815 389 1871 ut
405 1811 485 1886 quod
500 1811 677 1888 imperatum
692 1815 737 1870 est
751 1812 869 1872 veniam
885 1813 1044 1872 advorsum
1059 1811 1192 1888 temperi.

165 2071 317 2120 Lambinus:
340 2063 404 2118 solii
486 2070 534 2116 428
558 2069 652 2118 Versus
669 2072 697 2118 io
712 2071 765 2132 plne
780 2071 903 2130 mutilum
919 2070 1032 2131 sortasse
1049 2069 1129 2129 Taee,
1150 2069 1193 2117 in-

166 2169 248 2219 quam
268 2153 304 2217 [et
321 2153 365 2204 iac
383 2153 470 2216 tuum]
551 2157 598 2202 430
619 2149 697 2203 insita
717 2153 762 2203 BC
836 2158 879 2204 tsl
903 2156 972 2219 perii
992 2156 1111 2205 Bellias:
1133 2166 1193 2217 peri

234 2243 282 2289 432
302 2239 418 2290 limbum
436 2240 482 2290 BC
570 2242 617 2287 433
638 2235 733 2290 insitus
749 2239 794 2290 BC
883 2241 930 2302 qui
950 2241 1062 2290 domino
1080 2240 1192 2289 mello-

165 2328 245 2377 tlo'os:
267 2327 335 2391 quid
352 2339 429 2376 rome
445 2325 551 2389 Cquod
564 2326 674 2401 rompB
690 2324 727 2387 Os.
743 2326 832 2387 ampo.
849 2329 896 2374 580
916 2325 967 2384 Qui
981 2327 1111 2388 quoniam
1130 2338 1193 2374 erus

165 2413 239 2477 quod
257 2413 402 2477 imperavit
420 2412 560 2475 neglexisti
578 2411 721 2476 persequi,
740 2411 821 2462 Nune
838 2412 916 2460 venis
933 2411 1015 2460 etiam
1035 2411 1105 2460 ultro
1124 2411 1193 2459 inri-

164 2512 225 2551 sum
244 2498 396 2548 dominum.
424 2497 463 2560 Cf.
476 2499 537 2547 ibid.
554 2500 611 2546 850.
630 2497 699 2546 Ario.
714 2499 772 2545 653.
796 2495 869 2558 Capt.
883 2499 926 2545 36⁴
944 2510 980 2557 sq.
