3000 4846
285 342 325 404 98
542 341 600 392 604,
617 341 761 394 ooo-olo.
775 340 834 394 696.
850 341 909 391 595.
925 340 1060 391 619-625

689 511 902 567 Mnnunoumus

233 625 271 666 eos
284 614 353 672 Non
364 611 466 671 hercle
474 629 529 687 ego
539 609 658 687 quidem
665 628 792 686 usquam
801 610 961 686 quicquam
969 616 1039 670 nuto
1047 629 1145 686 neque
1154 610 1236 671 nicto
1244 611 1309 672 tibi.

709 719 884 773 ancnnus

234 833 272 874 666
285 817 368 879 Nihil
390 818 447 878 hoo
470 815 692 878 confidentiast:
719 817 780 893 qui,
804 815 998 892 quaendes,
1023 834 1060 876 ea
1081 822 1235 894 pernegat.

711 926 886 980 Pnurounus

234 1045 272 1086 sou
287 1027 346 1086 Per
367 1027 468 1085 Iovem
491 1023 623 1099 deosque
646 1023 739 1083 omnis
762 1022 878 1099 adiuro,
895 1041 984 1083 uxor:
1010 1023 1087 1082 satin
1104 1022 1162 1083 hoc
1178 1028 1223 1084 cst
1238 1023 1313 1085 tibit

235 1156 273 1198 666
286 1140 334 1197 Me
356 1138 405 1197 isti
428 1155 486 1196 non
508 1141 638 1195 nutasse.

712 1243 886 1297 anonnus

647 1358 751 1420 (iredit
772 1359 830 1419 iam
851 1359 907 1419 tibi
929 1358 966 1419 de
988 1359 1059 1419 isto:
1083 1360 1154 1419 illuc
1177 1361 1250 1420 redi.
1304 1373 1307 1377 ’

694 1479 909 1539 Mnnunonmos

236 1612 274 1654 009
288 1585 354 1658 Quo
376 1583 520 1646 redeam?

710 1693 886 1747 Pnrucunus

493 1816 641 1893 Equidem
656 1816 696 1876 ad
710 1814 908 1892 phrygionem
923 1833 1038 1875 censeo.
1062 1817 1081 1892 i,
1098 1819 1209 1892 pallam
1223 1818 1312 1879 refer.

693 1959 905 2014 llnuancnnos

236 2077 275 2118 elo
289 2052 372 2125 Quae
395 2051 488 2111 istaec
510 2048 641 2125 pallastl

712 2158 885 2212 Pnurounus

513 2284 613 2343 Taceo
628 2281 702 2341 iam:
722 2280 842 2357 quaudo
857 2281 906 2342 hic
922 2300 984 2342 rem
999 2301 1059 2342 uon
1074 2283 1205 2343 meminit
1220 2301 1313 2344 snam.

726 2415 880 2471 Memnona

238 2570 277 2612 666
290 2545 466 2606 Clanculum
488 2547 517 2602 te
539 2541 633 2601 istaec
655 2539 768 2616 flagitia
790 2540 890 2601 facere
913 2542 1057 2602 censebas
1080 2540 1180 2617 potis‘l

238 2683 277 2724 666
290 2660 336 2718 Ν6
359 2656 441 2716 illam
464 2659 581 2714 ecastor
602 2650 756 2713 faendrato
779 2652 818 2735 mi
841 2653 998 2714 abstulisti.
1023 2654 1064 2713 sic
1089 2654 1184 2713 detur.

715 2780 890 2833 Pnu1ounos

239 2923 277 2963 oto
291 2898 339 2958 Sic
364 2897 466 2956 datur:
491 2897 651 2971 properato
675 2895 796 2954 absente
819 2913 865 2953 me
888 2912 1018 2954 comesse
1041 2895 1212 2971 prandium:

239 3029 277 3072 mo
290 3011 363 3069 Post
385 3011 454 3068 ante
477 3005 560 3067 aedis
583 3024 650 3066 cum
673 3023 783 3067 corona
805 3024 850 3065 me
875 3006 1007 3067 derideto
1030 3007 1138 3067 ebrius.

695 3123 910 3179 Mnnnncumus

239 3251 274 3293 eat
290 3234 398 3308 Neque
414 3232 522 3307 edepol
537 3249 592 3307 ego
608 3231 715 3307 prandi
731 3249 829 3307 neque
840 3231 929 3291 hodie
941 3228 1000 3290 hnc
1012 3229 1089 3290 intro
1100 3231 1186 3290 tetuli
1198 3230 1314 3306 pedem.

716 3346 890 3402 Pnrnounus

241 3466 279 3509 em
292 3449 360 3508 Tun
382 3445 497 3523 negast

696 3554 910 3609 Mnnsnonmus

496 3662 581 3736 Nego
604 3659 706 3720 hercle
728 3679 809 3721 vero.

716 3777 890 3832 Pnurcunus

808 3875 891 3935 Nihil
912 3875 969 3936 hoc
991 3873 1109 3936 homine
1129 3877 1294 3937 audaciust.

241 4005 279 4048 mu
292 3992 360 4050 Non
383 4007 437 4067 ego
459 3994 489 4048 te
512 3987 598 4048 modo
621 3986 670 4047 hic
694 3990 762 4047 ante
785 3987 868 4047 aedis
891 4005 958 4047 cum
981 4006 1090 4048 corona
1111 3989 1204 4048 florea

241 4116 279 4160 em
292 4101 361 4161 Vidi
384 4106 491 4174 astare,
517 4118 604 4175 quom
626 4100 758 4176 negabas
781 4098 852 4158 mihi
874 4116 938 4158 esse
962 4117 1066 4159 sanum
1088 4099 1226 4174 sinciput,

241 4228 280 4274 eas
294 4213 333 4271 Et
353 4212 485 4288 negabas
507 4228 553 4270 me
576 4210 703 4286 novisse,
728 4210 917 4288 peregrinum
941 4211 1024 4271 aibas
1047 4229 1112 4270 esse
1134 4210 1186 4274 tel
