3000 4846
505 367 570 425 Act.
585 383 609 423 11
626 367 672 425 So.
687 371 702 421 3
721 369 756 426 V.
771 371 873 422 59-73
952 411 953 416 =
1165 374 1205 436 35

60 571 62 574 ’
87 559 88 562 ’
174 547 309 608 Tertium
331 545 452 622 Liparo,
477 544 529 620 qui
550 544 581 604 iu
603 548 696 607 morte
718 562 843 623 regnum
865 544 989 606 Hieroni
1010 545 1141 620 tradidit,

124 671 163 713 eos
175 661 264 719 Nune
286 657 378 719 Hiero
401 656 468 718 esti

586 762 800 818 Musanenuus

467 861 558 922 Haud
580 860 666 937 falsa,
690 861 804 935 mulier,
832 862 998 938 praedieas.

611 971 769 1024 Mussnuro

979 1068 1038 1127 Pro
1060 1067 1204 1144 Iuppiter,

20 1174 22 1179 ’
124 1189 162 1232 406
175 1182 254 1241 Num
284 1180 377 1241 istaec
404 1178 511 1241 mulier
532 1177 614 1239 illino
635 1179 733 1265 venit,
766 1196 843 1254 quae
872 1182 902 1238 te
931 1178 1013 1240 novit
1034 1182 1095 1238 tam
1118 1177 1206 1239 eatei

585 1287 800 1342 Murancnnus

174 1386 284 1447 Herole
308 1385 414 1462 opinor
435 1384 595 1465 pernegari
616 1403 676 1445 non
698 1388 804 1460 potest.

613 1493 768 1547 Mussmuo

804 1592 851 1656 Ne
874 1588 990 1651 fereris.

122 1703 301 1778 peremisti,
326 1702 351 1762 si
374 1701 510 1762 intrassis
532 1701 610 1762 intra
632 1702 731 1762 limen.

585 1812 800 1866 Munnuennus

731 1907 811 1981 Quin
831 1911 865 1967 tu
886 1910 953 1967 taee
976 1906 1076 1966 modo:

174 2022 257 2080 Bene
279 2037 328 2079 res
350 2019 477 2096 geritur:
502 2020 691 2095 adsentabor,
716 2018 860 2095 quiequid
883 2017 972 2092 diuet,
996 2017 1121 2092 mulieri,

123 2139 162 2181 no
176 2129 208 2190 Si
229 2146 349 2206 possum
371 2128 530 2206 hospitium
552 2131 693 2191 nancisei.
716 2163 760 2173 —
780 2132 844 2190 Iam
867 2129 988 2203 dudum,
1012 2128 1126 2202 mulier,
1149 2128 1204 2188 tibi

175 2242 244 2300 Non
265 2239 430 2316 inprudens
453 2242 651 2302 adversabar:
677 2240 757 2302 hune
779 2243 946 2302 metuebam
968 2259 1005 2301 ne
1028 2259 1112 2300 meae

175 2352 268 2413 Uxori
290 2352 476 2413 renuntiaret
499 2352 535 2413 de
558 2353 640 2430 palla
663 2356 692 2412 et
715 2353 752 2413 de
775 2353 909 2430 prandio.

173 2467 262 2525 Nune
287 2464 408 2539 quando
430 2463 485 2538 vis,
509 2482 610 2525 eamus
632 2464 719 2525 intro.

619 2572 762 2627 anmum

722 2669 820 2729 Etiam
841 2669 1005 2746 parasitum
1027 2667 1151 2729 mauesi

585 2777 800 2832 muancuuus

175 2875 282 2949 Neque
304 2892 359 2950 ego
381 2874 465 2935 illum
480 2893 585 2935 maneo
600 2893 698 2950 neque
714 2875 799 2935 floeei
813 2874 901 2949 faeie,
924 2892 1023 2949 neque
1039 2875 1064 2934 si
1078 2875 1202 2949 venerit,

123 2995 162 3037 ns
175 2985 251 3044 Eum
272 2987 340 3046 volo
360 2985 523 3047 intromitti.

618 3094 760 3149 Enomuu

534 3192 661 3252 Ecastor
682 3191 764 3252 haud
785 3191 880 3253 invita
901 3192 1010 3254 fenero.

174 3300 234 3361 Sed
257 3301 321 3362 sein
345 3300 417 3376 quid
439 3306 468 3362 te
491 3304 597 3363 amabo
620 3306 653 3363 ut
678 3302 793 3364 faoiasi

585 3411 798 3495 Muranonnus

811 3511 931 3587 Impera
959 3509 1078 3585 quidvis
1108 3510 1202 3571 modo.

619 3617 761 3671 Euounum

121 3723 160 3765 41⁷
173 3715 290 3774 Pallam
311 3714 393 3773 illam
417 3732 506 3788 quam
529 3713 640 3774 dudum
656 3715 792 3790 dederas,
817 3715 855 3782 ad
878 3715 1074 3794 phrygionem
1093 3721 1126 3777 ut
1149 3717 1203 3778 de-

256 3897 258 3902 .
528 3897 539 3910 ,³
913 3824 1005 3903 feras,

126 4025 128 4029 ,
173 3936 213 3996 Ut
235 3936 463 3997 reeoueinnetur
486 3941 576 4012 atque
599 3940 632 3997 ut
653 3955 746 4013 opera
768 3938 919 3999 addantur
942 3958 1019 4016 quae
1041 3941 1117 4001 volo.

174 4159 272 4208 debunt.
297 4145 426 4237 Ofittss'
475 4158 767 4223 summaeripae
798 4127 998 4223 confiant—9·
1064 4158 1207 4214 moratas
1243 4135 1246 4143 Ι

176 4256 278 4307 impera
294 4245 363 4305 (corr
374 4243 488 4308 impero)
503 4244 552 4294 Mn.
566 4246 634 4308 quud
646 4242 690 4296 uus
700 4247 722 4295 B
734 4241 820 4297 iacias
831 4248 955 4311 impero?
972 4244 1085 4317 quiduis
1097 4249 1126 4309 0,
1144 4263 1203 4300 cor-

960 4350 999 4400 3*
