3000 4846
516 1303 871 1378 PROLOGUS

184 1481 327 1576 Salutem
349 1513 476 1589 primum
497 1511 557 1571 iam
579 1530 598 1571 a
619 1510 767 1588 prinoipio
789 1511 950 1586 propitiam

182 1625 255 1685 Mihi
277 1629 368 1701 atque
390 1624 484 1699 robis,
508 1626 702 1699 spectatores,
725 1621 840 1682 nuntio.

182 1737 320 1813 Adporto
343 1735 429 1796 vobis
452 1736 599 1809 Plautum,
622 1735 726 1810 lingua
747 1751 809 1793 non
830 1752 933 1795 manu:

183 1849 301 1922 Quaeso
323 1851 356 1907 nt
378 1847 515 1922 benignis
538 1845 692 1921 aooipiatis
715 1845 847 1905 auribus.

156 1962 269 2020 sNuno
292 1962 498 2036 argumentum
521 1958 647 2034 aooipite
671 1960 761 2031 atque
783 1955 913 2016 animum
936 1956 1101 2017 advortite:

183 2070 279 2142 Quam
302 2072 406 2144 potero
429 2068 460 2128 in
481 2070 575 2128 verba
598 2067 750 2128 conferam
772 2067 961 2143 paucissima.

183 2180 286 2255 Atque
307 2179 365 2238 hoo
388 2181 496 2255 poetae
518 2178 633 2238 faoiunt
654 2178 685 2237 in
708 2178 885 2238 oomoediis:

183 2289 286 2351 Omnis
308 2307 356 2349 res
379 2293 479 2367 gestas
502 2306 568 2349 esse
589 2287 718 2347 Athenis
742 2292 905 2363 autumant,

182 2402 248 2475 Quo
270 2401 347 2461 illud
368 2401 455 2460 vobis
476 2417 618 2477 graeoum
640 2398 778 2458 videatur
800 2399 903 2475 magis.

144 2525 169 2568 ro
182 2515 247 2590 Ego
270 2530 418 2589 nusquam
441 2510 548 2586 dieam,
571 2510 629 2570 nisi
650 2511 703 2572 ubi
724 2510 835 2570 fautum
859 2510 983 2572 dieitur:

182 2626 284 2700 Atque
307 2624 383 2685 adeo
405 2623 464 2683 hoo
487 2626 693 2700 argumentum
715 2621 888 2699 graeoissat‚
910 2626 1010 2683 tamen

182 2738 251 2797 Non
274 2736 428 2810 amicisset,
452 2753 556 2794 verum
578 2734 777 2794 sieilieissitat.

183 2847 262 2907 Huie
285 2850 458 2924 argumento
482 2846 663 2922 antelogium
685 2845 743 2905 hoo
765 2844 830 2904 fnit:

183 2960 271 3017 Nune
294 2962 500 3036 argumentum
521 2957 607 3017 vobis
630 2958 803 3017 demensum
826 2956 914 3033 dabo,

146 3082 170 3123 15
184 3070 253 3129 Non
275 3070 374 3130 modio
396 3087 495 3144 neque
516 3068 666 3142 trimodio,
689 3086 792 3127 verum
814 3068 880 3144 ipso
903 3067 1028 3129 horreo:

184 3181 314 3240 Tantum
337 3180 376 3239 ad
397 3180 580 3240 narrandum
603 3182 809 3256 argumentum
832 3179 917 3240 adest
938 3180 1117 3257 benignitas.
1181 3193 1182 3196 ’

183 3291 333 3351 Mereatur
356 3291 477 3366 quidam
499 3291 555 3352 fuit
578 3291 735 3367 Syracusis
758 3308 859 3352 senex.

184 3403 221 3461 Ei
244 3406 312 3462 sunt
334 3402 414 3462 natei
435 3402 489 3462 filii
511 3402 638 3479 geminei
661 3402 730 3477 duo,

183 3515 231 3573 Ita
252 3513 348 3574 forma
370 3513 457 3573 simili
479 3514 593 3590 puerei,
617 3518 649 3574 ut
672 3517 767 3575 mater
790 3531 845 3572 sua

254 3762 367 3812 9vobis
386 3762 455 3812 illud
473 3762 583 3825 Pylades
670 3765 702 3810 ⁴2
722 3762 820 3812 Paulus
837 3775 871 3812 σω
890 3763 963 3813 Festo
978 3777 1006 3826 p.
1027 3767 1058 3813 28
1078 3763 1115 3813 Μ.
1131 3756 1214 3813 ‘Atti-
1295 3745 1298 3751 ’

184 3848 269 3898 cissat
286 3848 368 3897 attice
387 3847 516 3911 loquitur.
537 3848 648 3899 Plautus
667 3847 738 3898 “non
757 3848 891 3898 atticissat
908 3848 957 3898 sed
975 3844 1112 3900 ssersssat’
1130 3849 1216 3898 idest

184 3933 271 3984 sicula
289 3927 429 3997 loquitur?
544 3937 573 3982 43
593 3936 656 3984 ante
674 3934 793 3997 elogium
812 3933 957 4005 (elongrum
976 3935 1006 3999 B)
1025 3933 1071 3985 BG
1131 3934 1215 3985 Auso-

183 4021 243 4069 nius
261 4021 334 4081 epist.
350 4022 382 4067 46
392 4018 479 4081 praef.
493 4010 539 4069 ‘Hi
558 4020 641 4083 igitur
658 4022 690 4071 ut
707 4020 817 4071 Plautus
837 4021 875 4070 ait
893 4021 1002 4070 interim
1021 4023 1101 4070 erunt
1118 4023 1215 4071 boteto-

182 4107 254 4167 gimo
266 4104 422 4156 fabularum
438 4105 541 4167 garruli
553 4108 581 4156 et
594 4100 772 4171 deceptores?
853 4107 979 4157 toTanta
990 4107 1052 4156 Pius
1129 4110 1161 4156 49
1174 4108 1215 4157 uti

187 4188 355 4241 Camerarius
433 4191 533 4241 Nonius
549 4204 576 4253 p.
591 4194 650 4251 343,
666 4195 697 4242 28
710 4183 840 4242 ‘matrem
857 4195 963 4242 veteres
982 4193 1064 4243 etiam
1080 4193 1216 4243 nutricem
