3000 4846
418 318 421 322 ’
504 322 567 379 Act.
582 338 607 379 11
625 324 699 381 Soc
719 325 754 380 V.
769 324 870 376 47-62

615 495 771 550 Massnuro

601 659 605 677 J
653 592 741 666 Quod
763 595 792 651 te
815 596 923 668 urguet
945 593 1051 668 occino,

127 718 166 760 mo
181 703 239 776 Qui
260 703 329 764 huic
352 704 392 763 sis
415 703 577 764 molestus?

365 791 367 795 Α
604 810 780 866 Oromenus
883 874 884 877 Ἴ

343 981 347 997 .
589 909 667 982 Quid
688 910 742 969 tibi
765 912 909 968 mccumst
930 907 995 968 reii

178 1023 242 1097 Ego
266 1024 295 1080 te
317 1038 378 1080 non
400 1020 485 1079 novi:
511 1038 579 1095 cum
600 1019 657 1079 hoc
682 1038 768 1095 quem
791 1021 862 1079 novi
884 1020 1011 1080 fabulor.

593 1147 799 1197 Mnemonidas

128 1272 166 1316 333
179 1262 248 1321 Non
271 1261 379 1336 edepol
401 1265 433 1319 tu
456 1259 544 1320 homo
567 1277 657 1320 sanus
681 1277 722 1334 es,
747 1263 827 1320 certo
850 1259 921 1319 scio.

612 1385 783 1438 Ormuneus

178 1502 241 1560 Iam
264 1518 335 1576 ergo
358 1499 433 1560 haec
456 1499 618 1559 madebunt
639 1499 725 1559 faxo:
750 1499 792 1559 nil
815 1499 986 1559 morabitur.
1020 1525 1023 1536 ·

179 1613 269 1671 Proin
291 1616 323 1671 tu
345 1631 383 1672 ne
407 1628 466 1686 quo
490 1611 580 1670 abeas
603 1611 720 1686 longius
744 1612 780 1671 ab
805 1610 937 1671 aedibus.

128 1737 166 1780 325
179 1723 331 1799 Numquid
353 1721 421 1782 visi

590 1839 804 1893 Mannncflmus

257 2003 258 2006 Ἴ
323 1988 333 2014 ‚
420 1936 460 1995 Ut
482 1955 532 1996 cas
555 1937 713 1996 maximam
735 1937 844 1996 malam
866 1953 993 1995 crucem.

607 2060 785 2116 Ornmnuus

181 2176 228 2233 Ire
251 2172 352 2233 hercle
375 2174 493 2233 meliust
514 2178 543 2234 te
565 2175 682 2234 interim
706 2178 796 2250 atque
819 2176 1003 2248 accumbere,

180 2287 259 2345 Dum
281 2302 336 2360 ego
359 2283 435 2343 haec
459 2303 578 2361 appono
603 2286 642 2345 ad
663 2286 790 2345 Volcani
812 2285 991 2344 violentiam.

179 2397 233 2456 Ibo
256 2397 334 2455 intro
358 2399 387 2455 et
410 2396 507 2455 dicam
528 2401 558 2456 to
580 2396 629 2456 hic
652 2398 772 2456 adstare
795 2395 907 2469 Erotio,

179 2508 219 2567 Ut
241 2510 270 2566 te
293 2505 363 2567 hinc
387 2507 517 2567 abducat
539 2509 638 2585 potius
663 2525 753 2583 qnam
774 2505 824 2566 hic
847 2507 947 2566 adstes
973 2505 1054 2565 foris.

594 2635 800 2686 Mnn'rncnmue

131 2751 281 2813 aaoIamne
305 2748 397 2809 abiiti
419 2745 505 2808 obiit.
540 2749 658 2824 Edepol
681 2747 764 2807 hand
786 2745 942 2806 mendacia

182 2861 248 2946 Tua
269 2861 361 2920 verba
384 2859 522 2936 experior
545 2877 619 2920 esse.

615 2985 771 3038 Musarum

618 3096 784 3159 Observato
807 3097 910 3157 modo:

183 3209 260 3267 Nam
281 3209 347 3267 istic
369 3209 554 3270 meretricem
576 3209 666 3269 credo
689 3208 825 3269 habitare
848 3209 1009 3282 mulierem,

184 3319 224 3378 ut
247 3319 366 3393 quidem
388 3320 438 3380 ine
460 3299 582 3380 insanus
607 3320 689 3394 nint,
715 3320 766 3395 qui
788 3319 858 3379 mne
881 3320 955 3380 aaut
976 3319 1073 3379 mono.

593 3445 806 3500 murmannus

185 3558 242 3620 Sed
265 3559 364 3634 miror,
389 3560 440 3634 qui
461 3561 511 3620 illc
534 3560 651 3620 noverit
672 3577 780 3619 nomen
802 3578 907 3619 meum.

186 3849 264 3897 lieres
282 3851 385 3899 variato
402 3851 535 3899 nominum
552 3855 668 3900 occentu.
697 3849 735 3912 Cf,
752 3853 799 3898 220
918 3854 966 3900 ³24
986 3850 1087 3903 habeas
1097 3837 1143 3904 ’ΒΟ

186 3937 234 3982 326
252 3933 290 3996 Cf.
300 3936 348 3982 ati
364 3934 430 3984 dum
444 3937 578 3999 coquetur
590 3936 698 3984 interim
713 3935 883 3999 potabimus3
904 3939 1024 4000 conioooi
1039 3940 1159 3989 videntur
1173 3941 1211 3989 iro

186 4022 268 4083 atquc
290 4020 464 4079 accumbere,
483 4025 512 4070 ot
530 4020 576 4070 ibo
595 4024 676 4085 atque
695 4034 832 4072 arcessam
851 4025 910 4082 862,
935 4022 980 4072 ibo
1000 4025 1080 4087 atquc
1099 4026 1212 4089 eloquar

186 4105 271 4155 Aulol.
288 4110 336 4154 809
407 4109 455 4155 327
470 4119 532 4170 ergo
547 4107 592 4159 Bc
660 4111 708 4156 330
722 4107 807 4158 abiit?
823 4107 908 4172 [abiit]
927 4109 1068 4159 Gruterus:
1085 4112 1202 4163 habrtve

188 4191 255 4241 abnt
271 4194 348 4242 semel
361 4191 406 4242 BC
435 4191 473 4255 Cf.
483 4195 530 4242 537
613 4198 657 4242 334
675 4192 824 4245 exteriores
839 4208 853 4244 e
873 4187 1017 4245 obseruato
1031 4196 1084 4257 ΒΟ,
1099 4203 1212 4250 correxit
