3000 4846
671 398 768 457 Actu
785 399 831 455 Se.
844 403 858 452 7
877 400 913 458 V.
925 403 1029 454 46-57

775 573 930 627 Massnnro

472 673 561 732 Nune
583 671 632 731 ibo
655 671 687 730 in
708 672 872 747 tabernam,
896 687 970 730 vasa
992 674 1083 746 atque
1106 674 1261 747 argentum
1282 671 1337 731 tibi

274 797 324 838 0000
337 782 492 858 Referam3
516 786 598 842 reate
621 786 667 842 est
688 783 875 860 obsignatum
897 783 928 842 in
950 782 1052 842 vidula
1074 782 1278 858 marsuppium

342 889 412 956 [An.
429 891 464 945 Id
483 891 506 946 si
524 891 652 946 attulerit
670 890 761 945 dicam
778 896 811 944 nt
828 907 845 944 a
862 906 907 945 me
925 891 1010 946 abeat
1028 889 1099 944 liber
1117 906 1172 960 que
1190 891 1284 956 valet]

274 993 324 1036 ¹⁰2⁰
340 988 412 1048 Cum
435 987 559 1048 viatica:
584 988 616 1047 id
637 989 693 1048 tibi
714 988 773 1047 iam
795 987 855 1048 hue
877 988 1020 1049 adferam.

745 1097 960 1150 Manducemus

1019 1183 1116 1244 Adfer
1139 1189 1268 1246 strenue.

774 1289 931 1343 Mussnrue

329 1368 457 1450 'Salvom
478 1389 541 1449 000
555 1388 598 1448 iu
619 1393 653 1448 ut
674 1388 746 1448 mrnr
769 1388 878 1448 00000
900 1389 1042 1449 reuerso:
1066 1389 1116 1450 nro
1133 1435 1139 1447 .
1159 1436 1190 1448 ..

745 1497 961 1551 murmannus

274 1610 324 1653 ram
337 1595 437 1655 Nimia
459 1595 535 1655 mira
556 1593 628 1653 mihi
651 1594 771 1669 quidem
793 1593 883 1654 hadie
907 1598 1011 1654 exerta
1034 1598 1103 1654 sunt
1130 1595 1230 1654 multis
1260 1596 1366 1656 medis.

336 1707 399 1766 Alii
421 1724 467 1765 me
489 1710 601 1783 negant
623 1724 690 1766 eum
713 1723 778 1765 esse
803 1705 855 1780 qui
877 1722 941 1764 sum
964 1709 1055 1780 atque
1078 1707 1242 1766 excludunt
1266 1706 1366 1768 feras:

337 1818 435 1878 Etiam
446 1817 496 1876 hie
511 1835 628 1877 servem
644 1834 709 1877 esse
725 1834 757 1908 00
769 1834 866 1875 meum
877 1817 985 1890 aiebat,
1003 1834 1092 1891 quem
1104 1835 1159 1894 ega
1173 1792 1367 1878 emisimanu.

274 1946 324 1988 0000
337 1931 367 1988 Is
391 1929 432 1988 ait
455 1946 486 1987 se
508 1927 580 1987 mihi
602 1929 761 1988 allaturum
785 1945 851 1987 eum
874 1933 998 2004 argente
1021 1928 1239 2004 marsuppium:

337 2040 373 2099 Id
396 2039 421 2099 si
444 2039 593 2113 adtulerit,
618 2038 715 2098 dicam
736 2043 770 2099 ut
792 2058 810 2099 a
832 2057 878 2098 me
901 2041 991 2099 abeat
1012 2039 1088 2099 liber
1112 2058 1171 2115 que
1193 2041 1284 2113 velet,

336 2153 383 2211 Ne
405 2155 476 2227 tum,
501 2149 622 2225 quande
645 2168 735 2210 sanus
758 2150 855 2211 factus
878 2150 924 2227 sit,
948 2169 967 2210 a
988 2169 1035 2210 me
1058 2155 1212 2227 argentum
1234 2156 1326 2227 petat.

338 2262 431 2323 Seuer
452 2267 482 2322 et
503 2261 635 2321 medicus
657 2279 704 2320 me
725 2261 856 2322 insanire
872 2261 1001 2322 aiebant.
1033 2261 1174 2337 anissis,
1197 2263 1273 2322 mira
1287 2268 1367 2324 sunta

336 2374 421 2434 Haec
443 2373 535 2432 nihile
559 2391 624 2441 esse
646 2372 718 2432 mihi
739 2373 879 2434 videntur
901 2391 987 2434 secus
1011 2391 1099 2448 quam
1123 2374 1244 2433 samnia.

318 2558 411 2621 xnunc
430 2546 584 2594 Messeaieui
601 2546 733 2593 cautiuuut
751 2543 882 2593 Acidaliae
983 2545 1043 2594 Post
1057 2547 1121 2592 0009
1140 2546 1168 2592 iu
1185 2544 1259 2593 libris
1270 2546 1314 2605 qui
1326 2559 1369 2594 se-

337 2635 424 2692 quitur
440 2643 546 2693 uersus,
566 2631 606 2680 bie
623 2631 720 2680 deletus
735 2643 752 2678 a
765 2630 874 2691 Pylade,
894 2631 962 2679 radit
979 2630 1049 2692 iufra
1063 2633 1129 2678 0006
1147 2643 1194 2678 sua
1212 2631 1282 2680 loca:
1300 2631 1369 2679 idem

335 2719 472 2778 00000009
489 2719 590 2777 pesitus
606 2716 730 2764 iuri-icium
749 2719 787 2764 est
805 2715 942 2764 turbarum
960 2728 993 2764 eac
1011 2717 1118 2775 repetite
1135 2729 1158 2764 u.
1173 2719 1237 2763 0909
1257 2720 1282 2764 00
1301 2719 1366 2764 0005
1425 2703 1428 2709 ’

339 2802 529 2864 marsuppium
541 2800 664 2849 uocabulo
677 2805 810 2859 00οα00000
836 2801 863 2848 00
882 2802 948 2860 quod
966 2805 1041 2849 acute
1062 2803 1197 2863 perspecti
1216 2800 1368 2864 Speupeiius

339 2887 460 2947 000000.
475 2890 505 2933 00
581 2888 645 2932 0000
666 2886 719 2934 iam
738 2883 813 2934 orac
892 2888 953 2933 0000
979 2886 1079 2934 Naias
1094 2900 1122 2948 0.
1136 2889 1194 2946 000,
1210 2879 1368 2937 0000000οο

338 2985 387 3036 pro
401 2972 524 3020 reddam.
542 2970 652 3019 Plautus
667 2972 694 3019 in
707 2971 803 3020 Casina
814 2969 847 3032 [0,
860 2970 899 3033 00]
915 2969 989 3020 “ruri
1002 2969 1144 3021 reddib0’'.
1169 2972 1244 3021 Idem
1257 2972 1284 3020 in
1298 2972 1368 3022 Men.

338 3056 456 3107 “saluum
474 3056 524 3106 tibi
542 3059 580 3106 ita
597 3058 628 3105 ut
645 3057 712 3105 mihi
732 3056 831 3105 dedisti
844 3051 984 3107 reddibo”.’
1053 3078 1055 3083 ·
1074 3057 1139 3105 rtem
1155 3060 1244 3119 priore
1257 3058 1310 3106 0000
1324 3056 1369 3107 BC

442 3142 574 3192 redhibeo
591 3141 609 3192 C
627 3137 673 3193 sed
691 3142 779 3191 habeo
794 3143 832 3202 B‚·
851 3141 972 3192 reddebo
992 3145 1124 3202 superiore
1143 3144 1196 3192 0000
1209 3142 1254 3192 BC

339 3229 384 3277 hre
396 3241 475 3278 uersu
486 3229 575 3277 mutila
588 3227 633 3277 BC
639 3245 647 3288 ;
666 3228 712 3276 hre
724 3241 814 3278 marne
830 3231 898 3289 (carr
910 3226 996 3289 mane)
1015 3228 1036 3277 B
1048 3228 1093 3276 hrc
1105 3241 1149 3276 me
1162 3241 1241 3277 mane
1256 3226 1275 3277 G
1286 3241 1369 3290 supra

408 3317 473 3362 0000
494 3313 575 3363 hodie
593 3327 675 3375 supra
693 3326 733 3362 aru
746 3312 791 3363 BC
927 3313 1029 3375 multis]
1051 3308 1130 3362 mnus
1145 3327 1227 3375 supra
1246 3313 1291 3364 BC
1307 3327 1369 3364 0000

409 3402 474 3449 0000
488 3401 587 3461 Reliqui
597 3413 689 3450 uersus
699 3399 813 3461 00000000
824 3413 889 3461 quae
901 3400 941 3448 bic
954 3404 991 3448 est
1002 3402 1030 3448 iu
1043 3399 1125 3459 libris,
1142 3412 1207 3460 quae
1219 3400 1280 3460 quia
1292 3400 1368 3450 distet

339 3501 356 3536 a
373 3488 514 3548 superioris
533 3487 580 3535 laci
597 3487 729 3547 scriptura
747 3489 871 3546 apparea
894 3497 971 3546 passe
989 3489 1034 3534 aut
1052 3485 1119 3534 huuc
1136 3497 1240 3534 00000000
1264 3490 1310 3535 aut
1329 3491 1369 3535 00-

340 3575 389 3622 tius
410 3577 523 3623 00000000
541 3573 665 3621 oratiauis
687 3572 715 3620 iu
736 3573 877 3632 pristiuam
893 3570 1006 3632 00000000
1023 3572 1142 3620 revecari
1159 3572 1265 3632 despero

341 3686 406 3732 0006
424 3684 483 3733 Vide
495 3685 529 3732 aa
542 3686 606 3731 0009
704 3638 904 3745 000οΓιο00000οῑ
915 3681 936 3730 Β
948 3682 994 3731 00οο
1006 3682 1058 3731 0000
1144 3694 1188 3729 me
1201 3680 1301 3731 habeat
1314 3682 1333 3733 0
1345 3687 1370 3732 00

339 3775 447 3831 utroque
466 3770 519 3818 0000
532 3769 569 3828 B,·
588 3782 670 3830 supra
687 3782 730 3817 me
744 3768 825 3818 abeat
839 3767 859 3817 C
871 3772 895 3817 00
910 3768 1003 3817 000000
1093 3767 1156 3816 med
1170 3767 1249 3817 abeat
1262 3768 1369 3818 Batbius

420 3858 483 3903 0000
496 3854 536 3904 Νο
555 3857 613 3904 turn
626 3856 780 3904 Lambinus:
796 3854 899 3903 nedum
911 3854 951 3902 uei
963 3853 1081 3902 necdum
1179 3857 1244 3902 0008
1258 3853 1369 3904 aiebant

343 3940 522 3990 Camerarius:
545 3938 674 3989 dicebant
784 3942 848 3987 0009
866 3939 962 3989 Gellius
973 3938 1041 3988 Ν.Α.
1051 3941 1091 3999 08,
1101 3942 1126 3999 9,
1143 3940 1155 3985 0
1165 3930 1255 3988 ‘Velie
1266 3939 1366 4002 Longo,

341 4039 394 4075 non
413 4025 518 4075 homini
537 4024 663 4084 indocto,
689 4024 771 4075 fidem
789 4038 849 4074 0000
867 4024 1037 4083 habendam,
1058 4024 1152 4087 quiin
1171 4025 1369 4074 commentario

341 4112 416 4174 quod
428 4110 538 4160 lecisset
550 4110 584 4159 de
596 4123 649 4159 usu
661 4112 788 4174 antiquae
802 4110 926 4160 lectionis
939 4111 1088 4173 scripserit,
1102 4123 1156 4159 nen
1169 4110 1283 4173 inseque
1295 4109 1369 4173 apud

339 4196 458 4246 Ennium
477 4196 620 4258 legendum
639 4196 688 4245 sed
706 4197 806 4256 insece,
828 4196 943 4259 ideoque
956 4210 971 4245 0
986 4194 1126 4244 veteribus
1146 4207 1213 4258 quas
1232 4196 1370 4244 narratio-

341 4294 389 4331 nes
409 4282 526 4332 dicimus
540 4282 703 4332 insectienes
719 4294 778 4330 esse
791 4282 952 4344 appellatas,
966 4280 1116 4331 Varronem
1136 4293 1246 4344 quoque
1257 4293 1369 4330 versum
