3000 4846
528 356 641 413 Aet1v
660 357 704 414 Sa.
719 359 735 408 2
754 357 789 412 V.
806 359 889 410 1-19

321 693 610 756 MENAECHMUS.
655 694 818 755 MULIER.
859 694 1084 756 PARASITUS

604 897 817 951 Mnuaneuuus

195 1024 236 1083 Ut
256 1021 314 1081 hoe
336 1019 445 1081 utimur
467 1020 593 1080 maxima
616 1037 696 1080 more
719 1012 800 1080 mare

195 1135 380 1207 Maleateque
402 1134 525 1192 multum
548 1135 639 1207 atque
661 1131 705 1192 uti
729 1131 840 1207 quique
864 1135 932 1192 sunt

145 1259 185 1302 aaa
198 1244 319 1322 Optumi
342 1261 478 1303 maxume
501 1261 611 1303 marem
633 1242 747 1302 habent
768 1242 864 1304 huna:

198 1356 320 1418 clientis
343 1355 400 1416 eibi
421 1371 523 1415 amaea
544 1356 649 1414 velunt
671 1371 736 1414 esse
759 1355 881 1413 multae:

185 1468 310 1528 ¹Baaine
332 1486 372 1527 an
393 1465 464 1526 mali
485 1466 553 1542 aiut,
576 1465 608 1526 ia
630 1465 712 1525 haud
735 1465 914 1540 quaeritant.

198 1581 256 1639 Res
279 1578 373 1654 magia
396 1577 551 1653 quaeritur
573 1594 663 1652 quam
686 1576 825 1636 clientum
846 1575 921 1637 tides
940 1577 1104 1637 cuiusmodi
1119 1580 1226 1639 elaeat.

199 1690 230 1751 si
251 1695 296 1750 θεῖ
317 1706 434 1766 pauper
457 1693 548 1764 atque
570 1688 652 1748 haud
674 1690 779 1763 malua,
802 1707 932 1765 nequam
954 1687 1096 1750 habetur:

149 1816 186 1860 eeu
200 1800 251 1862 Sin
274 1801 358 1861 dives
380 1800 475 1860 malus
499 1804 553 1875 eat,
576 1799 601 1859 ie
624 1799 717 1861 aliens
740 1799 819 1877 frugi
841 1800 978 1860 habetur.

200 1913 258 1987 Qui
279 1930 378 1988 neque
401 1913 484 1988 leges
505 1929 604 1987 neque
628 1930 757 1988 aequum
779 1912 890 1972 bonum
911 1929 1039 1987 usquam
1061 1914 1171 1989 aoluat,

201 2024 348 2085 Sollicitas
370 2028 511 2099 patronas
533 2022 654 2083 habent.

200 2138 311 2196 Datum
334 2135 483 2210 denegant
506 2134 586 2210 qued
609 2135 748 2208 datumst,
778 2133 873 2193 litium
895 2134 986 2210 pleni,
1013 2154 1150 2212 rapaaea,
1173 2137 1231 2195 viri

820 2245 1013 2320 fraudulenti,

202 2357 261 2431 Qui
283 2362 334 2417 aut
356 2357 477 2418 faenore
500 2362 552 2418 aut
573 2356 711 2433 periuriis
734 2355 846 2417 habent
873 2374 935 2416 rem
964 2361 1116 2434 paratam:
1148 2377 1231 2418 mena

820 2468 919 2527 estin
942 2469 1092 2543 querellis.

152 2581 280 2641 molaris
303 2581 355 2642 ubi
378 2580 487 2640 dieitur
510 2579 583 2654 dies,
607 2579 693 2640 simul
715 2579 848 2655 patronis
872 2580 989 2654 dieitur,

204 2692 322 2769 Quippe
346 2692 397 2768 qui
420 2710 474 2768 pro
496 2691 555 2751 illis
577 2693 747 2766 loquantur,
772 2709 850 2767 quae
872 2694 949 2752 male
972 2691 1105 2752 fecerint.

204 2805 267 2863 Aut
289 2804 328 2864 ad
351 2806 494 2881 papulum
517 2806 568 2863 aut
589 2802 620 2862 in
642 2803 706 2863 iure
730 2807 781 2864 aut
803 2803 884 2880 apud
907 2803 1034 2864 aedilem
1056 2823 1104 2864 rea
1128 2810 1180 2865 θεῖ.

203 2983 401 2993 ——..

274 3097 322 3143 558
341 3107 395 3155 sqq.
415 3094 517 3144 Retinet
540 3095 735 3155 descriptionem
758 3105 882 3142 versarem
899 3106 965 3154 qaae
984 3099 1020 3145 θεῖ
1043 3098 1071 3144 ia
1089 3097 1120 3154 B,
1144 3109 1233 3157 qaam-

204 3192 282 3241 quam
300 3183 419 3240 apertam
437 3183 483 3238 θεῖ,
502 3178 569 3238 qaod
588 3179 697 3227 Brixiae
712 3181 855 3239 perspeait,
877 3182 1011 3229 558-565
1031 3183 1163 3230 continuas
1180 3195 1234 3231 esse

205 3265 325 3314 barcaeus
439 3266 487 3312 558
506 3275 584 3311 maro
603 3264 718 3324 Lipsiae:
746 3276 854 3313 morum
971 3267 1019 3313 566
1038 3279 1164 3315 maxume
1183 3268 1234 3316 La·

204 3362 311 3399 manaa:
333 3362 454 3399 maxumr
566 3351 612 3397 565
639 3348 769 3398 clientum
791 3349 1010 3400 callentiumB
1105 3351 1235 3404 clueatc

207 3435 289 3485 dueat
301 3435 323 3483 Β
395 3435 434 3483 Ne
443 3436 501 3496 qais
512 3437 540 3484 la
553 3435 716 3484 collocatione
728 3435 841 3494 haereat,
855 3436 916 3484 dicit
928 3435 1059 3486 clientum
1078 3450 1136 3486 rem
1148 3439 1233 3501 magis

206 3534 288 3584 quam
307 3519 389 3569 fidem
408 3520 502 3584 quaeri
515 3520 604 3584 qualis
622 3521 666 3570 sit.
697 3520 862 3583 Gladim-²1
967 3523 1015 3570 eet
1039 3523 1233 3573 emanarant

275 3593 323 3655 566
343 3611 367 3655 et
386 3609 434 3655 567
460 3609 487 3656 ia
504 3619 586 3655 anam
602 3619 708 3656 versam
725 3619 881 3668 quamquam
898 3608 1044 3668 bipertitam
1061 3612 1192 3673 coaiaaqit
1202 3609 1232 3670 A,

205 3693 248 3753 qai
267 3694 387 3742 universe
406 3693 512 3742 eandem
530 3704 589 3740 eam
607 3692 629 3740 Β
645 3694 841 3768 peremptionem
858 3697 925 3757 tenet
970 3749 973 3757 ,
1056 3698 1105 3744 568
1129 3695 1234 3745 idemA

205 3805 326 3853 terminat
341 3807 402 3866 pest
417 3814 529 3867 rapaces
672 3807 720 3854 669
739 3804 808 3863 Quia
826 3807 858 3854 ut
875 3764 1024 3872 samareite
1042 3806 1094 3865 Qur
1113 3808 1159 3857 θεῖ
1177 3806 1235 3856 foe-

206 3901 272 3937 nore
291 3890 338 3938 θεῖ
358 3886 377 3937 C
486 3900 563 3937 mens
582 3891 623 3939 est
642 3891 668 3940 in
688 3890 806 3953 querelis
825 3892 886 3941 alim
903 3896 1062 3941 correctam:
1082 3885 1174 3941 mente
1192 3905 1235 3940 ιε-

207 3986 262 4036 qua
280 3986 310 4022 re
329 3972 340 4034 ΙΙ
358 3966 404 4021 Lis
419 3973 441 4021 Β
457 3986 505 4035 pr,
526 3971 618 4025 mealia
636 3982 730 4038 inquot
750 3975 779 4025 re
795 3977 806 4038 ΙΙ
822 3969 867 4024 Lis
883 3977 905 4025 Β
924 3990 998 4036 carr,
1025 3970 1132 4025 mensae
1151 3990 1234 4040 mquo

207 4071 246 4107 ire
268 4054 336 4109 hic
415 4071 498 4115 nouat
517 4063 641 4121 apparate
657 4064 685 4110 ia
702 4061 732 4120 Α,
753 4064 796 4124 qai
813 4076 838 4110 v.
854 4065 902 4111 576
923 4064 954 4112 ab
973 4063 1043 4112 luris
1061 4064 1162 4112 orditer

208 4141 334 4194 5701ur1l
344 4144 493 4194 Vaticanus:
505 4141 623 4196 urrrlBC
681 4151 726 4197 577
739 4147 850 4209 ῖονῖεεεθ
861 4161 931 4211 quae
942 4147 1025 4210 [mali]
1038 4149 1116 4197 male.
1139 4148 1177 4211 Os.
1187 4153 1234 4199 598

276 4234 324 4280 578
344 4243 470 4279 auum·
490 4242 600 4280 aunraau
620 4231 640 4280 A
659 4235 706 4282 aut
724 4234 759 4283 ad
772 4235 893 4284 iudicem
912 4232 956 4283 ΒΟ
