3000 4846
264 360 306 420 64
599 356 665 412 Aet
677 374 696 409 u
714 357 788 413 Sei
805 359 841 413 V.
853 359 955 411 28-38

211 546 250 587 00
262 532 372 592 Nescio
397 533 470 608 quid
491 551 547 593 vos
568 533 683 593 velitati
705 533 776 592 estis
798 533 952 593 intervos
975 533 1044 593 duo.

262 644 412 719 Loquere,
434 650 502 705 uter
523 646 672 705 meruistis
693 645 827 719 eulpam,
850 644 964 719 paucis,
988 662 1049 704 non
1070 646 1177 724 longos
1198 649 1293 726 logos

701 785 854 839 Mnuuonn

260 918 417 993 Nusquam
445 917 585 993 equidem
613 918 774 993 quiequam
796 918 924 993 deliqui:
955 917 1012 978 hoe
1034 918 1162 995 primum
1183 925 1213 980 te
1235 922 1294 980 ab·

921 1032 1016 1103 solvo,
1038 1035 1134 1106 pater.

260 1141 371 1200 Verum
392 1142 494 1202 vivere
516 1140 566 1202 hie
587 1160 647 1202 nou
668 1160 789 1218 possum
813 1160 912 1217 neque
935 1141 1044 1201 durare
1066 1143 1129 1202 ullo
1151 1143 1257 1203 modo:

208 1258 246 1298 777
259 1253 352 1312 Proin
373 1258 406 1312 tu
428 1272 474 1312 me
497 1251 567 1313 hine
590 1253 733 1314 abducas.

726 1395 828 1451 Sunux

735 1527 815 1600 Quid
836 1528 914 1588 istuc
936 1532 1035 1588 nutem
1057 1526 1124 1588 esti

699 1670 853 1724 770000οΑ

1014 1767 1169 1843 Ludibrio,
1192 1773 1289 1844 pater,

207 1885 245 1926 777
259 1880 391 1939 Habeor.

720 1985 822 2040 Sunnx

392 2083 501 2144 Unde?

698 2190 851 2245 710000οΑ

505 2307 555 2366 Ab
577 2307 639 2381 illo,
665 2307 736 2382 quoi
758 2325 804 2367 me
827 2305 1015 2382 mandavisti,
1039 2324 1105 2366 meo
1127 2307 1201 2367 viro.

719 2448 822 2504 Snuux

204 2599 243 2640 00
256 2585 336 2643 Εο00
360 2585 458 2642 autem
479 2580 613 2658 litigium.
639 2582 777 2657 quotiens
799 2582 920 2642 tandem
942 2581 1023 2641 edixi
1044 2581 1106 2655 tibi,

256 2696 297 2755 Ut
319 2711 451 2769 caveres,
474 2711 512 2752 ue
534 2697 601 2753 uter
623 2693 663 2753 ad
684 2711 731 2753 me
753 2693 835 2752 iretis
858 2711 925 2753 eum
948 2692 1153 2768 querimonia?

694 2834 848 2887 Msuuorzn

256 2969 314 3043 Qui
337 2985 393 3046 ego
415 2967 502 3041 istue,
525 2966 565 3025 mi
586 2969 682 3042 pater,
706 2984 814 3026 cavere
835 2964 979 3042 pessumi

719 3108 821 3164 Surmx

979 3206 1048 3265 Meu
1070 3204 1257 3282 interrogas?

205 3335 242 3376 00
255 3319 322 3379 Nisi
336 3337 397 3379 uon
412 3318 466 3378 vis.
501 3318 645 3390 Quotiens
660 3317 824 3378 monstravi
838 3317 900 3392 fibi,
917 3317 982 3375 viro
1004 3320 1163 3376 utmorem
1185 3334 1282 3394 geras,

256 3431 335 3504 Quid
349 3431 401 3491 ille
416 3430 516 3505 faeiat,
539 3448 577 3490 ue
599 3429 631 3489 id
652 3430 803 3505 observes,
829 3446 888 3504 quo
904 3431 961 3503 eat,
987 3427 1060 3504 quid
1074 3447 1173 3488 rerum
1188 3433 1283 3505 gerat.

325 3724 373 3768 777
395 3720 495 3769 Nonius
510 3733 537 3780 p.
557 3723 581 3779 3,
602 3723 616 3768 5
634 3712 769 3770 ‘volitatio
789 3719 891 3769 dieitur
908 3719 976 3769 levis
994 3719 1134 3770 contentio
1153 3757 1159 3768 .
1178 3757 1184 3768 .
1202 3719 1284 3768 Pleu-

255 3808 299 3855 tus
319 3844 325 3855 .
345 3844 350 3855 .
370 3805 443 3856 idem
462 3805 530 3854 Men.
548 3803 662 3856 “neseio
682 3807 749 3870 quid
771 3819 817 3855 vos
833 3805 933 3855 00777077
951 3805 1016 3854 estis
1035 3806 1172 3854 intervos
1191 3799 1280 3854 duo”.'

256 3893 353 3941 Paulus
363 3905 397 3941 em
405 3891 478 3941 Festo
485 3903 512 3952 p.
521 3893 579 3950 369,
589 3894 602 3938 7
612 3891 647 3941 M.
657 3883 791 3940 ‘velitatio
805 3890 879 3940 dieta
892 3891 932 3939 est
944 3891 1017 3940 ultro
1030 3891 1153 3953 citroque
1165 3890 1285 3955 probro-

255 3991 316 4027 rum
336 3976 482 4027 obiectatio
503 4015 508 4026 .
528 4014 534 4025 .
553 3976 665 4027 Plautus
683 3976 797 4026 “neseio
816 3975 884 4039 quid
901 3977 999 4026 velitati
1017 3977 1083 4026 estis
1102 3977 1173 4025 inter
1189 3970 1280 4026 vos”.'

323 4058 376 4112 uos
390 4063 484 4125 uelqatr
499 4059 584 4112 Buos
603 4061 722 4113 uelatic
809 4057 975 4113 duoiPloutt'
994 4063 1052 4112 libri
1140 4065 1184 4109 777
1202 4074 1284 4126 pauci

256 4147 310 4207 BC,
321 4149 389 4209 ¹olim
406 4153 551 4198 correctum
644 4145 719 4212 logos
735 4149 795 4197 olim
812 4153 969 4198 correctum:
991 4143 1069 4198 loooi
1164 4151 1213 4195 777
1232 4146 1284 4196 ab·

256 4226 330 4282 solue
348 4233 369 4281 B
499 4236 547 4282 773
567 4235 611 4283 hro
629 4247 726 4284 uiuere
744 4234 767 4282 B
784 4233 854 4283 solos
993 4237 1042 4283 778
1061 4246 1110 4296 ego
1128 4246 1169 4282 om
1183 4232 1285 4283 000700
