3000 4846
262 342 302 404 56
433 336 501 392 Aet.
515 351 547 394 xv
566 336 610 392 Se.
626 339 641 387 2
659 336 694 390 V.
706 337 833 389 99-111.
856 335 899 391 Se.
916 337 930 386 3
948 335 984 389 V.
1000 337 1065 387 1-2

208 526 246 568 eea
259 515 337 573 Nam
360 513 477 574 demum
497 530 661 589 numquam
682 511 828 586 introibis,
851 510 908 570 uisi
930 511 1008 572 feres
1030 513 1142 587 pallam
1166 511 1263 571 simul.

260 627 305 686 Ee
329 626 456 686 demum.

688 732 864 786 Psmeunus

425 830 504 904 Quid
518 830 590 889 mihi
605 830 737 890 futurum
752 832 805 904 est,
828 829 879 904 qui
893 794 955 888 tibi
962 828 1041 889 hane
1057 847 1180 906 operam
1196 828 1292 890 dedii

711 953 835 1007 Mummi

208 1066 246 1108 ese
261 1054 362 1132 Opera
382 1053 535 1127 reddetur,
560 1052 681 1127 quando
706 1051 779 1126 quid
799 1046 863 1111 tibi'
876 1051 932 1111 erit
954 1056 1125 1127 surruptum
1147 1052 1242 1113 domo.

687 1178 862 1230 anemns

259 1278 295 1336 Id
318 1277 439 1353 quidem
461 1277 570 1353 edepol
591 1293 753 1352 numquam
776 1275 847 1334 erit:
871 1293 940 1335 nam
955 1274 1030 1334 nihil
1045 1278 1098 1350 est,
1119 1275 1200 1350 quod
1214 1293 1289 1352 per·

878 1386 955 1462 dam,
980 1387 1067 1446 demi.

261 1501 334 1561 Cum
355 1499 420 1559 vire
444 1517 511 1559 eum
525 1517 618 1558 uxore
635 1499 665 1558 di
679 1517 734 1559 vos
753 1499 890 1575 perdant.
921 1499 1095 1575 Properabe
1117 1498 1157 1557 ad
1179 1497 1288 1557 ferum.

258 1614 336 1672 Nam
358 1630 395 1671 ex
418 1610 475 1671 hae
497 1610 611 1670 familia
633 1629 679 1670 me
702 1611 792 1686 plane
815 1609 963 1670 excidisse
984 1609 1135 1686 intellego.

664 1728 879 1789 murmannus

258 1837 337 1895 Male
360 1833 431 1893 mihi
453 1853 529 1895 uxor
551 1850 617 1893 sese
640 1833 747 1893 feeisse
770 1837 881 1908 eenset‚
909 1852 976 1894 eum
999 1833 1125 1894 exelusit
1146 1833 1241 1895 feras:

207 1966 246 2008 eee
260 1946 352 2019 Quasi
366 1964 427 2006 nou
442 1945 579 2020 habeam,
604 1963 663 2020 quo
683 1944 870 2020 intromittar,
894 1944 986 2004 alium
1004 1945 1154 2006 meliorem
1175 1946 1287 2006 loeum.

260 2057 292 2118 si
313 2057 367 2117 tibi
389 2057 542 2132 displiceo,
564 2056 749 2133 paiiuudum
778 2060 809 2116 66
831 2057 973 2132 placuere
995 2056 1065 2116 huie
1087 2057 1199 2133 Erotio,

260 2169 344 2241 Quae
366 2186 412 2227 me
434 2187 496 2228 uon
517 2168 657 2228 exeludet
678 2169 716 2227 ab
739 2186 780 2243 se,
806 2168 860 2226 sed
883 2167 964 2244 apud
987 2186 1019 2228 se
1041 2169 1178 2229 oeeludet
1197 2168 1287 2228 demi.

258 2282 347 2341 Nune
369 2280 427 2351 ibo,
450 2280 541 2340 orabo
564 2284 597 2339 ut
611 2278 682 2339 mihi
697 2281 809 2355 pallam
824 2279 941 2354 reddat,
967 2297 1055 2356 quam
1072 2279 1184 2339 dudum
1199 2279 1287 2354 dedi;

259 2392 360 2452 Aliam
374 2391 419 2450 illi
434 2390 576 2450 redimam
592 2391 901 2466 meliorem—Heus,
919 2391 1022 2466 eequis
1036 2390 1085 2450 hie
1102 2395 1148 2450 est
1160 2391 1289 2451 ianitori

208 2522 246 2564 666
261 2503 387 2580 Aperite
411 2507 501 2578 atque
523 2502 657 2562 Erotium
679 2501 788 2576 aliquis
812 2506 935 2562 eveeate
958 2506 1027 2563 ante
1049 2502 1164 2562 estium.

670 2690 877 2698 ————

260 2843 443 2906 EROTIUM
464 2843 681 2903 MERE'I'RIX.
722 2842 1001 2904 MENAEOHMUS
1022 2845 1288 2907 ADULESCENS

704 3028 845 3082 Euourum

207 3146 245 3188 666
260 3127 333 3201 Quis
355 3126 404 3187 hie
427 3145 473 3186 me
497 3125 635 3202 quaerit?

668 3233 882 3289 Mannaennus

619 3331 681 3392 Sibi
706 3331 842 3392 inimieus
865 3334 959 3410 magis
982 3350 1072 3408 quam
1095 3333 1186 3403 aetati
1207 3336 1287 3394 tuae.

704 3457 847 3509 Enerrun

258 3553 299 3611 Mi
321 3553 524 3628 Menaechme,
548 3572 602 3614 eur
625 3558 693 3614 ante
716 3556 800 3615 aedis
823 3555 923 3616 666666
945 3575 1071 3632 sequere
1094 3557 1181 3616 intre.

359 3829 405 3874 666
426 3827 475 3876 Ms.
495 3826 550 3888 Ego
570 3827 702 3876 domum‘?
720 3830 762 3877 Pn.
782 3829 849 3892 quud
862 3830 892 3888 B,
913 3832 1028 3880 correxit
1046 3830 1150 3880 Bothius

261 3916 307 3962 667
328 3913 386 3972 Qua
404 3913 493 3961 virum
518 3925 572 3974 que
595 3925 709 3963 uxorem
728 3915 903 3965 fleckeieeuas
1046 3919 1089 3964 666
1114 3916 1152 3965 De
1171 3918 1288 3965 oratioue

259 3999 291 4059 es.
309 4003 368 4057 737,
388 4011 437 4060 quo
455 3999 541 4047 666666
560 3999 587 4046 66
605 3999 684 4048 deleri
702 4000 806 4050 66666666
911 4004 958 4048 666
979 4001 1101 4051 oeeludrt
1119 4001 1172 4060 Bc,
1193 4001 1289 4052 corrC

483 4076 492 4106 6

329 4122 376 4166 663
393 4083 482 4185 6661ᾱᾷ
498 4115 616 4186 adquam
631 4119 652 4167 Β
746 4121 792 4167 666
807 4119 879 4170 Heus
895 4119 1074 4171 Camerarius:
1097 4116 1157 4171 erus
1169 4119 1197 4180 Ο,
1212 4122 1289 4170 (6616
1313 4189 1315 4194 ¹

328 4199 379 4269 hec
392 4199 454 4266 quus
464 4203 485 4251 B
500 4200 589 4264 etquis
602 4202 622 4253 C
709 4208 756 4252 666
768 4205 884 4268 aquurB
972 4210 1019 4256 667
1034 4207 1084 4272 Mer
1096 4207 1117 4255 B
1130 4207 1286 4267 ef.482.357
