3000 4846
588 346 703 402 Aet1v
721 346 795 403 Sea
815 347 848 402 V.
865 350 965 401 79-88

588 512 590 518 ’
668 519 884 574 Mnaanenuus
947 590 952 599 ,

726 618 805 690 Quid
826 618 858 676 id
880 616 947 677 estt

715 725 838 779 Murrus
1096 786 1097 790 ,

986 822 1111 896 Quando
1134 823 1176 883 nil
1197 824 1292 900 pudet

261 935 369 1009 Neque
391 934 436 994 vis
459 938 512 994 tua
533 936 685 994 voluntate
708 934 772 1010 ipse
795 918 936 1011 profiteri,
958 934 1029 995 audi
1051 938 1141 1010 atque
1164 934 1245 995 ades.

210 1043 249 1085 ⁶³⁶
264 1045 304 1103 Et
327 1044 400 1119 quid
421 1045 514 1106 tristis
537 1049 567 1105 et
590 1045 663 1120 quid
685 1045 734 1105 hie
756 1046 829 1105 mihi
851 1046 967 1121 dixerit,
992 1046 1060 1106 faxo
1084 1046 1170 1105 saias.

261 1157 347 1216 Padla
369 1155 441 1215 mihi
464 1160 509 1217 est
532 1156 617 1217 doma
640 1161 792 1232 surrupta.

668 1264 883 1319 Mnuuncunns

789 1364 875 1423 Palla
899 1367 1039 1439 surrupta
1062 1366 1107 1423 est
1129 1361 1204 1422 tibi?

684 1471 861 1525 Pnumuaus

260 1567 357 1626 Viden
379 1571 408 1627 te
431 1567 474 1626 uti
497 1569 639 1627 scelestas
663 1568 785 1644 eaptatd
807 1568 885 1628 Huie
909 1572 1085 1644 surruptast,
1108 1587 1167 1628 nan
1189 1567 1258 1627 ubi:

209 1680 247 1723 ⁶³⁸
260 1679 338 1738 Nam
360 1678 493 1754 profesta
516 1679 570 1738 tibi
593 1683 735 1755 surrupta
757 1679 782 1738 si
804 1684 891 1754 esset,
916 1682 1001 1739 salva
1022 1698 1081 1739 non
1102 1678 1186 1739 foret.

671 1803 885 1857 Mnuaranuus

260 1900 312 1960 Nil
334 1900 405 1959 mihi
427 1904 525 1960 teeum
548 1903 601 1960 est.
640 1900 699 1960 Sed
722 1905 754 1960 tu
778 1901 850 1977 quid
873 1900 938 1961 ais‘?

711 2026 834 2079 Maurae

773 2178 778 2189 .
818 2125 913 2199 Palla,
937 2124 1068 2200 inquam,
1092 2123 1180 2200 periit
1202 2123 1287 2183 dama

665 2232 881 2287 Maanncnuus

208 2340 246 2382 640
261 2328 333 2400 Quis
356 2348 421 2389 eam
444 2328 617 2405 surrupuit?

711 2439 835 2492 Mamur

618 2537 673 2596 Pal
696 2536 772 2596 istue
794 2537 845 2595 ille
870 2536 926 2596 seit
949 2535 1000 2611 qni
1015 2535 1104 2595 'illam
1127 2533 1256 2595 abstulit.

663 2660 879 2726 Mnuancauus

208 2770 245 2812 ea
260 2757 333 2830 Quis
356 2757 404 2817 hie
427 2757 513 2817 homa
537 2757 603 2816 estd

709 2865 833 2918 Muman

609 2963 819 3023 Menaechmus
844 2964 973 3038 quidam.

662 3098 878 3151 Mnunuauuus

864 3194 983 3269 Edepol
1005 3192 1115 3253 fautum
1136 3193 1283 3268 nequiter.

206 3326 246 3368 sa
260 3305 332 3377 Quis
354 3305 380 3365 is
402 3307 612 3368 Menaechmus
636 3305 699 3366 est?

707 3413 831 3467 Munna

671 3512 719 3571 Tu
741 3511 818 3587 istie,
844 3511 975 3586 inquam.

258 3665 463 3674 *-

328 3785 376 3833 631
390 3783 518 3848 profiteri]
544 3785 581 3847 Cf.
595 3798 662 3834 mus.
679 3786 757 3835 Rhea.
773 3789 834 3834 6861
855 3798 883 3847 p.
899 3787 948 3833 666
1053 3784 1118 3835 audi
1131 3785 1212 3848 atque
1225 3786 1285 3834 olim

258 3875 415 3921 carrectraa:
440 3871 534 3920 audrat
552 3885 600 3933 qur
619 3872 640 3920 B
650 3884 694 3933 pr,
715 3871 813 3921 audeat
831 3885 879 3935 qur
900 3869 920 3920 C
941 3871 1035 3920 audrat
1047 3884 1075 3934 q·
1090 3870 1183 3919 Bcarr

259 3960 308 4006 636
327 3957 413 4006 tristis
435 3955 505 4020 [sim]
527 3957 667 4006 Lambinus
805 3959 853 4003 636
874 3955 934 4019 tibi]
956 3957 1023 4006 mihi
1043 3956 1182 4005 Lambinus

259 4043 306 4090 637
325 4041 413 4091 Viden
438 4044 464 4091 te
487 4043 527 4093 uti
548 4043 712 4092 Ritsedelius:
736 4041 1114 4104 Vrdentuthr,CV1den
1132 4043 1163 4091 ut
1181 4042 1283 4103 Bearr,

258 4127 346 4177 Viden
358 4129 399 4178 uti
415 4126 582 4178 Camerarius
660 4130 751 4193 captat
766 4128 946 4178 Camerarius:
968 4130 1058 4192 caprat
1150 4130 1196 4176 638
1211 4140 1285 4178 nune

263 4211 429 4263 Camerarius
507 4216 554 4261 666
575 4207 683 4278 apstulrt
704 4214 722 4263 C
798 4215 840 4261 616
863 4213 928 4273 Quis
948 4215 970 4263 is
990 4215 1109 4275 Bauius,
1128 4218 1157 4263 ut
1175 4213 1222 4261 616
