3000 4846
505 358 611 416 Actu
628 358 673 414 So.
688 362 703 412 3
722 360 758 415 V.
773 361 875 412 32-44
1154 362 1202 432 ,33

582 531 798 585 Mnunnonnus

121 636 158 676 3⁷⁷
173 629 256 687 Haeo
273 628 393 703 quidem
408 628 516 704 edepol
534 632 617 688 reete
639 630 774 705 appellat
795 647 860 688 meo
886 647 932 689 me
954 630 1059 689 mulier
1074 630 1201 691 nomine.

173 739 267 798 Nimis
290 739 389 812 miror,
414 739 486 814 quid
508 738 566 799 hoo
589 739 627 799 sit
647 741 759 817 negoti.

609 849 768 901 Mussnuro

765 944 887 1006 Oboluit
909 946 1112 1023 marsuppium

173 1056 251 1115 Huio
273 1056 350 1115 istuo
375 1056 455 1130 quod
477 1054 581 1116 habes.

588 1164 795 1217 Morinorum

562 1261 664 1336 Atque
687 1261 794 1337 edepol
816 1265 849 1320 tu
871 1279 917 1321 me
940 1261 1078 1321 monuisti
1100 1263 1202 1338 probe.

122 1383 160 1425 ³80
173 1372 288 1447 Aooipe
305 1371 374 1431 dum
389 1371 461 1433 hoo:
485 1372 544 1431 iam
563 1373 655 1446 soibo,
678 1377 777 1433 utrum
799 1371 876 1432 haeo
895 1391 940 1432 me
956 1390 1042 1450 mage
1065 1377 1143 1433 amet
1165 1392 1204 1433 an

176 1474 184 1495 t

791 1483 1004 1560 marsuppium.

618 1591 762 1644 Enorrun

174 1689 285 1749 Eamus
306 1689 394 1764 intro,
418 1692 451 1748 ut
472 1689 681 1765 prandeamus.

585 1796 800 1850 Mnumoumus

688 1895 770 1954 Bene
793 1911 898 1954 vooas:
923 1897 984 1953 tam
1006 1894 1139 1970 gratiast.

619 2003 761 2056 Euomun

177 2098 237 2158 Gur
258 2098 349 2174 igitur
370 2118 417 2161 me
438 2100 492 2159 tibi
513 2099 625 2159 iussisti
648 2116 777 2173 coquere
800 2099 912 2159 dudum
933 2099 1114 2176 prandium?

464 2189 470 2197 ’
585 2207 800 2260 Muranomms

124 2316 162 2357 aas
176 2303 263 2379 Egon
284 2307 314 2362 te
336 2303 409 2362 iussi
432 2301 582 2378 ooquerei

622 2408 765 2463 anmmr

589 2507 685 2581 Certo,
708 2507 762 2566 tibi
784 2511 814 2567 et
835 2508 968 2584 parasito
990 2512 1050 2568 tuo.

586 2614 800 2683 Munnnormrus

177 2713 241 2787 Oui,
265 2713 383 2787 malum,
407 2710 560 2788 parasito?
582 2716 662 2772 oerto
685 2712 761 2773 haeo
784 2714 890 2774 mulier
905 2733 965 2775 non
981 2719 1083 2774 sanast
1102 2715 1182 2775 satis.

620 2821 764 2876 Enormnr

126 2936 164 2976 aas
177 2917 328 2978 Penioulo.

587 3027 801 3081 Munimentum

332 3121 404 3194 Quis
425 3123 481 3184 iste
504 3128 549 3183 est
570 3124 752 3185 Penioulusi
775 3125 826 3200 qui
842 3127 1033 3200 extergentur
1048 3121 1186 3183 baxeae?

621 3232 763 3286 Enomun

177 3326 298 3387 Scilicet
320 3327 372 3402 qui
395 3328 506 3388 dudum
526 3333 626 3389 teoum
648 3328 738 3403 venit,
763 3347 829 3388 oum
850 3328 962 3404 pallam
985 3327 1056 3386 mihi

176 3439 326 3514 Detulisti‚
351 3457 441 3514 quam
463 3442 501 3501 ab
524 3458 617 3500 uxore
639 3444 691 3499 tua
714 3439 901 3516 surrupuisti.

588 3555 803 3611 Munnnormus

906 3653 985 3726 Quid
1008 3654 1074 3713 esti

125 3786 162 3827 aas
176 3763 246 3823 Tibi
267 3765 379 3840 pallam
403 3764 480 3840 dedi,
507 3783 596 3840 quam
619 3765 704 3825 uxori
726 3784 809 3826 meae
832 3765 994 3842 surrupuit
1015 3783 1109 3830 sanan
1133 3765 1187 3825 esi

178 3876 264 3935 Certe
287 3875 362 3936 haee
385 3876 490 3936 mulier
513 3878 664 3937 canterino
687 3878 745 3936 ritu
768 3880 870 3937 astans
893 3878 1049 3952 somniat,

246 4066 295 4110 378
314 4065 415 4126 negotu
428 4063 474 4113 Bc
544 4067 591 4113 383
611 4065 685 4128 Egon
699 4065 816 4114 Bothios:
839 4064 930 4127 Egone
1001 4066 1048 4112 est
1068 4064 1118 4114 Cur
1135 4065 1207 4114 malo

179 4148 240 4208 Bor,
261 4148 279 4198 C
297 4149 347 4198 Cur
366 4149 469 4199 maium
483 4149 504 4197 B
517 4163 577 4199 corr
663 4153 711 4199 385
731 4150 833 4200 baxeae
848 4150 997 4201 Scutarios:
1019 4148 1122 4200 beroae

180 4236 227 4282 386
242 4233 342 4297 qumC
410 4238 458 4283 389
470 4234 549 4284 Certo
559 4237 613 4288 cod.
623 4236 765 4298 Lipsiensis
823 4237 897 4286 ritud
911 4237 1062 4287 Ritaeaoiios
1118 4237 1208 4286 Festos

988 4337 1003 4387 3
