3000 4846
260 341 300 402 24
586 335 653 392 Aet.
666 350 690 390 11
708 335 753 392 So.
768 339 779 389 1
800 338 836 395 V.
851 340 951 392 32-47

207 525 245 566 ree
259 513 318 572 Ubi
340 512 383 572 nil
405 510 539 587 habebis,
564 512 711 589 geminum
734 512 804 572 dum
828 531 964 588 quaeres,
987 530 1097 590 gemes.

195 656 203 667 ‹
259 625 336 683 Nam
357 625 400 683 ita
423 626 467 682 est
489 621 565 683 haee
587 623 738 684 hominum
760 624 862 683 natio·
877 655 884 670 ·
899 624 1120 700 Epidamnieis

260 735 429 811 Voluptarii
451 737 541 809 utque
565 738 717 810 potatores
740 734 902 795 maxumei:

260 848 338 906 Tum
360 845 566 923 sycophantae
589 850 619 905 et
641 846 815 922 palpatores
837 846 985 922 plurumei

260 960 296 1018 In
318 959 393 1018 urbe
415 957 473 1018 hao
495 956 646 1017 habitant:
671 961 732 1016 tum
754 957 925 1017 meretrices
947 957 1085 1018 mulieres

209 1085 247 1126 seo
261 1072 417 1144 Nusquam
439 1067 635 1145 perhibentur
657 1067 829 1128 blandiores
852 1044 992 1143 gentium.

261 1181 425 1256 Propterea
447 1178 517 1240 huio
539 1179 626 1240 urbei
648 1197 755 1240 nomen
777 1179 946 1256 Epidamno
968 1179 1094 1239 inditum
1117 1184 1171 1255 est,

262 1291 339 1364 Quia
360 1309 446 1351 nemo
470 1291 561 1351 ferme
584 1291 647 1351 sine
671 1292 779 1352 damno
802 1290 861 1351 huo
885 1290 1059 1351 devertitur.

664 1399 879 1468 Mnunnoumus

262 1498 328 1574 Ego
349 1497 426 1558 istuo
449 1498 572 1558 ouvebo.
596 1497 670 1557 eedo
694 1498 764 1557 dum
785 1496 845 1558 huo
867 1496 939 1556 mihi
961 1497 1173 1573 marsuppium.

698 1606 855 1658 Messenio

263 1702 342 1775 Quid
365 1719 400 1762 eo
422 1701 490 1761 visl

671 1811 877 1863 Mrnmomus

503 1909 566 1967 Iam
589 1924 643 1983 aps
664 1911 693 1966 te
716 1911 815 1966 metuo
839 1907 876 1967 de
898 1907 998 1967 verbis
1020 1908 1087 1967 tuis.

700 2014 857 2067 Mussnmo

209 2128 249 2171 aea
264 2111 342 2184 Quid
364 2110 493 2172 metuis?

673 2203 878 2272 Mumeneribus

510 2315 650 2378 Nemini
673 2319 812 2379 damnum
834 2318 865 2378 in
887 2318 1054 2395 Epidamno
1078 2318 1153 2378 duis.

263 2431 310 2490 Tu
332 2448 457 2508 magnus
480 2435 594 2491 amator
616 2432 771 2491 mulierum
794 2448 835 2504 es,
858 2429 1016 2503 Messenio,

263 2543 328 2617 Ego
352 2545 450 2602 autem
472 2541 561 2602 homo
582 2541 753 2615 iraoundus
778 2540 868 2600 animi
890 2539 1015 2614 perditi:

228 2711 233 2716 .
263 2652 299 2711 ld
321 2656 488 2728 utrumque,
513 2656 668 2728 argentum
692 2651 813 2726 quando
835 2649 962 2725 habebo,
987 2668 1096 2710 eavero

263 2765 310 2823 Ne
332 2767 364 2822 tu
388 2763 545 2844 delinquas
567 2781 642 2822 neve
665 2780 720 2838 ego
743 2763 857 2821 irasoar
878 2761 941 2820 tibi.

699 2869 857 2921 Mussnruo

212 2991 251 3033 aro
266 2968 347 3044 Cape
370 2972 460 3043 atque
483 2985 585 3028 serva:
611 2986 657 3028 me
679 2968 800 3028 lubente
822 2966 938 3027 feeeris.

334 3227 383 3273 255
403 3223 548 3280 ouannnsd
568 3225 659 3287 queml
675 3222 719 3272 BC
815 3218 918 3290 onnus!
935 3246 1192 3261 ············
1215 3236 1292 3272 noru-

265 3323 392 3359 nuusssio
407 3331 416 3350 ο
429 3331 459 3350 ··
478 3322 638 3360 nmnsumms
654 3305 658 3376 Ι
675 3321 723 3358 uon
738 3309 785 3357 -Α
813 3304 905 3371 gemes
921 3310 995 3358 natio
1019 3308 1175 3372 epidamnia
1195 3304 1198 3374 l
1220 3309 1291 3359 Nam

266 3397 303 3444 ite
321 3393 360 3445 eit
377 3396 427 3443 hec
445 3396 557 3445 homini
574 3390 578 3462 Ι
593 3395 746 3459 Voluptarri
770 3392 814 3444 ΒΟ
907 3394 1092 3459 Epidamnieis
1110 3396 1192 3444 videri
1208 3397 1292 3443 uomi-

265 3482 381 3533 nativum
403 3493 457 3530 esse
475 3483 568 3543 scripsi
590 3484 619 3531 iu
636 3494 702 3530 mus.
724 3480 802 3530 libau.
824 3483 890 3529 4872
913 3493 941 3542 p.
965 3483 1011 3528 176
1037 3481 1087 3544 ipsi
1107 3480 1292 3545 Epidamnieis

262 3551 370 3627 propter
388 3566 557 3627 defectuosus
574 3567 594 3615 A
615 3568 766 3625 subiiciens·
786 3567 814 3614 in
833 3565 1003 3630 Epidamniis
1024 3566 1171 3616 llitsobelius

266 3650 680 3701 sernsxuus1Amax1misc
784 3655 833 3700 258
861 3652 1112 3716 uuunuun1Aplur1
1131 3651 1176 3701 BC

265 3740 311 3784 261
334 3749 408 3785 uuum
426 3737 446 3785 Α
465 3737 534 3784 solus
639 3741 771 3786 mnmunsr
789 3738 810 3785 A
829 3729 942 3786 inditust
965 3735 1010 3786 Ro
1147 3741 1195 3786 262
1221 3750 1293 3786 smn-

264 3834 403 3872 nsunonuc
421 3822 441 3871 A
460 3822 514 3871 huc
532 3835 591 3871 sine
611 3822 710 3872 damno
730 3821 775 3872 BC
853 3821 1041 3871 diuortiturB
1123 3825 1170 3870 266
1191 3834 1292 3883 uerum

265 3908 371 3957 Amrhr
390 3908 444 3957 hue
463 3908 508 3958 BC
583 3911 631 3956 265
652 3907 713 3957 duis
733 3908 888 3956 Beroaldus:
911 3903 969 3956 dies
983 3909 1023 3956 vel
1041 3904 1096 3957 dni
1169 3910 1216 3955 267
1237 3920 1292 3955 rra-

266 3989 366 4044 oundri
382 3993 426 4045 BC
516 3993 612 4056 perciti
632 3993 735 4055 lipsius
851 3995 899 4041 268
924 3991 1031 4042 habebo
1057 3994 1182 4055 Puludes:
1203 3991 1291 4041 babeo

334 4081 383 4128 269
403 4092 506 4141 neuego
527 4077 571 4127 EC
678 4083 726 4127 276
747 4077 857 4127 iubente
878 4077 921 4127 ΒΟ

674 4235 773 4242 .-.-.
781 4235 836 4239 ⁰--
