3000 4846
257 345 298 406 40
589 339 655 396 Α66.
667 355 703 396 111
721 339 764 396 So.
779 344 793 394 2
811 342 846 398 v.
862 344 961 395 10-28
1033 371 1036 379 ·

257 516 332 575 Boni
355 516 479 576 dedistis
501 519 578 593 plus,
604 517 655 591 qui
677 517 773 577 minus
796 517 983 593 speraverit?

205 642 246 683 666
259 627 381 703 Prandi‚
405 629 515 703 potavi,
540 633 669 689 soortum
692 629 828 703 aooubni,
853 630 962 690 abstuli
1016 643 1019 650 ’

256 742 353 816 Hane,
379 741 484 816 quoius
507 739 595 800 heres
617 757 780 815 numquam
803 741 859 800 erit
880 746 948 816 post
970 742 1049 801 hune
1074 742 1160 802 diem.

686 849 860 902 Pnurounus

255 948 382 1021 Nequeo
406 964 483 1021 quae
506 945 638 1021 loquitur
661 946 804 1005 exaudire
827 948 1005 1007 elaneulum.

256 1058 345 1118 Satur
366 1076 444 1118 nune
467 1057 599 1133 loquitur
621 1057 659 1117 de
682 1075 728 1117 me
751 1062 780 1119 et
804 1058 841 1118 de
863 1060 942 1134 parti
963 1077 1037 1118 mea.

667 1165 882 1220 Mnunnonuus

256 1264 310 1322 Ait
331 1262 410 1323 hane
434 1263 551 1324 dedisse
574 1282 620 1323 me
644 1263 700 1324 sibi
723 1268 814 1340 atque
837 1282 903 1323 eam
924 1282 1008 1324 meae

207 1388 245 1430 ero
259 1375 352 1435 Uxori
374 1375 578 1452 surrupuisse;
604 1375 743 1451 quoniam
766 1376 860 1435 sentio

256 1486 377 1561 Errare,
402 1489 559 1563 extemplo,
585 1487 672 1562 quasi
693 1505 742 1546 res
765 1506 832 1547 eum
855 1506 892 1547 ea
914 1491 992 1548 esset
1014 1487 1094 1561 mihi,

258 1597 349 1674 Coepi
372 1599 538 1658 adsentari:
563 1599 669 1658 mulier
693 1598 837 1673 quioquid
861 1599 985 1673 dixerat,

256 1710 340 1769 Idem
363 1728 417 1787 ego
441 1710 591 1770 dieebam:
618 1710 692 1784 quid
713 1710 812 1769 multis
835 1710 935 1769 verbis
958 1710 1073 1788 opust?

258 1821 372 1881 Minore
394 1839 543 1896 nusquam
565 1821 642 1881 bene
663 1821 707 1880 fui
731 1821 895 1896 dispendio.

685 1927 858 1982 Puurounus

112 2085 114 2088 ,
204 2039 243 2079 676
257 2027 358 2087 Adibo
382 2028 421 2086 ad
443 2026 604 2086 hominem:
629 2044 698 2085 nam
720 2027 841 2086 turbare
864 2024 968 2101 gestio.

667 2134 881 2187 Mnusnosnus

260 2232 333 2304 Quis
355 2231 404 2291 hie
427 2237 481 2307 est,
506 2232 558 2307 qui
581 2232 726 2291 adversus
748 2232 771 2290 it
793 2229 886 2290 mihil

540 2378 552 2410 ,
684 2341 859 2394 Pnurounus

889 2426 968 2499 Quid
991 2426 1044 2498 ais,
1068 2425 1154 2485 homo

257 2540 366 2600 Levior
390 2558 479 2615 quam
501 2543 612 2616 pluma,
635 2540 763 2616 pessime
787 2517 817 2597 et
839 2537 1028 2612 nequissime,

256 2651 419 2728 Flagitium
440 2651 576 2724 hominis,
601 2651 725 2711 subdole
749 2667 784 2708 ae
808 2648 919 2708 minimi
941 2645 1041 2723 pretii

257 2761 337 2834 Quid
360 2763 397 2822 de
420 2767 448 2821 te
471 2763 575 2835 merui,
601 2780 661 2837 qua
683 2779 729 2819 me
752 2777 844 2820 eausa
865 2757 1031 2835 ponderosi

205 2887 244 2928 roo
257 2874 298 2933 Ut
320 2873 500 2949 surrupuisti
522 2877 551 2932 te
574 2873 645 2931 mihi
669 2873 780 2931 dudum
804 2871 840 2929 de
863 2869 936 2944 foro,

257 2985 370 3045 Feeisti
392 2984 481 3044 funus
504 2985 572 3044 med
595 2986 718 3044 absente
740 2982 876 3059 prandio,

259 3095 320 3156 Our
342 3114 432 3157 ausus
455 3096 565 3172 faeere,
592 3096 662 3171 quoi
684 3113 739 3172 ego
762 3112 858 3169 aeque
881 3094 968 3153 heres
992 3090 1092 3152 eraml

258 3215 459 3226 ———-———

326 3287 375 3333 666
396 3289 419 3335 66
439 3287 486 3334 665
506 3288 610 3335 inverso
628 3285 717 3333 ordine
730 3283 784 3345 BC,
798 3287 867 3333 reete
885 3283 998 3331 ordinati
1015 3283 1043 3328 66
1059 3281 1113 3329 root.
1129 3281 1256 3341 lipsiensi

327 3373 374 3419 665
396 3372 547 3421 Priscianus
565 3374 590 3430 9,
607 3385 635 3433 p.
653 3372 710 3429 663,
731 3373 762 3417 20
783 3369 813 3418 H.
833 3361 968 3432 ‘prandeo
992 3364 1098 3429 prandi.
1118 3366 1154 3414 Pl.
1174 3367 1201 3413 in
1220 3366 1288 3413 Men.

257 3455 372 3520 “prandi
385 3462 409 3507 66
420 3458 523 3521 potavi,
538 3458 661 3506 scortum
675 3449 827 3505 eoeubui”.'
890 3445 987 3516 apstuli
1003 3449 1023 3500 C
1092 3453 1140 3499 666
1155 3445 1235 3500 eurus
1245 3449 1290 3500 BG

258 3554 448 3599 quorussuruns
467 3547 491 3592 et
509 3554 576 3592 usuc
594 3542 615 3591 A
633 3543 704 3591 solus
792 3543 840 3588 668
865 3541 934 3589 deest
951 3539 979 3586 iu
996 3537 1034 3595 6,·
1053 3550 1100 3586 aee
1118 3542 1204 3586 tomen
1221 3540 1290 3585 recte

257 3631 285 3677 66
298 3631 469 3690 suspicionem
480 3632 598 3689 uocetur,
618 3640 699 3688 aeque
716 3628 769 3676 6666
785 3627 838 3675 ullo
856 3625 910 3673 6666
928 3624 1014 3685 opttus
1026 3623 1114 3671 hubert
1121 3625 1205 3682 potuit

258 3714 329 3776 perti
351 3711 505 3777 CperteB
610 3713 658 3761 673
678 3714 760 3775 opust
777 3711 876 3759 6666666
889 3710 999 3771 Pylades
1104 3710 1152 3756 676
1173 3708 1290 3757 Donatus

257 3801 285 3848 tu
305 3799 421 3848 Euuuoh.
435 3801 460 3858 3,
479 3801 503 3858 6,
517 3801 532 3845 3
547 3788 591 3847 ‘ut
609 3797 643 3846 de
662 3796 796 3860 symbolis
814 3807 949 3845 essemus:
971 3795 1008 3844 Pl.
1028 3795 1055 3843 in
1074 3794 1143 3842 Men.
1162 3791 1290 3841 “minore

258 3892 394 3948 nusquam
414 3884 453 3934 fui
473 3880 647 3947 dispendio’⁷.
666 3882 714 3932 sed
733 3883 831 3931 melius
853 3893 976 3930 essemus
993 3880 1161 3944 productae
1183 3870 1287 3926 littere.>

344 3973 392 4019 676
412 3970 548 4020 aduersus
567 3969 588 4017 it
606 3968 727 4018 Bothr'us:
748 3965 894 4017 aduersum
913 3961 945 4015 srt
962 3966 1007 4018 BG
1111 3963 1245 4012 Diomedes
1264 3965 1288 4020 6,

255 4068 283 4117 p.
297 4059 356 4115 336,
371 4060 402 4104 63
418 4057 448 4104 K.
462 4048 615 4105 ‘interdurn
629 4054 823 4118 conperetivus
836 4053 1005 4102 nominativo
1024 4051 1153 4113 iungitur,
1172 4049 1205 4096 ut
1222 4047 1290 4094 doo-

259 4141 312 4190 tior
330 4141 375 4190 hio
395 4155 478 4205 quem
497 4141 552 4200 ille,
572 4142 603 4189 ut
620 4141 658 4188 Pl.
677 4141 705 4189 in
717 4140 787 4188 Men.
799 4137 889 4201 “quid
908 4139 948 4187 eis
968 4174 1015 4188 ...
1033 4127 1162 4200 plume”.'

261 4228 304 4275 686
328 4228 392 4277 med
410 4226 522 4277 absente
538 4230 598 4288 post
617 4225 774 4276 Salmasium
793 4224 914 4273 Botulus:
936 4236 997 4272 meo
1011 4216 1116 4270 absenti
1191 4220 1237 4266 666
1258 4231 1290 4266 ee
