3000 4846
329 337 368 398 12
657 332 749 389 Act.1
773 333 817 389 Sc.
833 335 848 385 2
866 334 902 389 V.
920 334 1020 386 11-26

276 522 314 564 rao
328 510 455 582 Quando
479 527 534 587 ego
557 510 611 570 tibi
634 509 775 585 ancillas,
798 485 917 586 penu—m,

328 622 458 697 Lanam,
483 640 602 696 aurum,
625 625 752 696 vestem,
777 639 941 698 purpuram

327 733 410 792 Bene
433 734 565 808 praebeo
588 750 644 792 nec
669 732 830 808 quicquam
853 750 932 809 eges,

328 844 408 903 Malo
431 843 568 918 cavebis,
593 843 618 903 si
640 843 737 920 sapis:

328 954 431 1014 Virum
454 955 615 1014 observare
638 955 765 1015 desines.

278 1078 315 1120 raa
329 1067 431 1141 Atque
454 1066 539 1140 adeo,
563 1083 601 1125 ne
623 1083 670 1125 me
692 1065 876 1141 nequiquam
899 1083 1010 1141 serves,
1034 1065 1072 1125 ob
1093 1083 1158 1126 eam
1182 1064 1359 1125 industriam

329 1177 427 1237 Hodie
443 1177 550 1236 ducam
566 1179 696 1236 scortum
711 1177 751 1237 ad
766 1194 869 1237 cenam
882 1180 973 1251 atque
985 1176 1086 1252 aliquo
1099 1176 1255 1237 condicam
1266 1177 1356 1236 foras.

753 1310 929 1365 hunencus

330 1434 396 1494 Illic
419 1433 507 1493 homo
531 1451 562 1494 se
585 1433 672 1493 uxori
695 1433 814 1494 simulat
834 1434 912 1494 male
934 1432 1027 1509 loqui,
1051 1432 1183 1507 loquitur
1207 1431 1293 1491 mihi:

329 1546 406 1605 Nam
430 1545 455 1605 si
477 1544 549 1604 foris
572 1549 668 1619 cenat,
697 1545 833 1621 profecto
856 1563 912 1620 me,
936 1544 1018 1605 haud
1040 1562 1172 1617 uxorem,
1195 1544 1357 1605 ulciscitur.

712 1686 716 1693 ·
736 1678 951 1732 Munanorruus

330 1803 426 1876 Euan,
449 1801 545 1878 iurgio
568 1800 670 1860 hercle
691 1801 813 1861 tandem
834 1819 959 1861 uxorem
981 1799 1069 1878 abegi
1092 1800 1129 1860 ab
1151 1801 1250 1861 ianua.

279 1920 316 1962 ¹30
330 1913 388 1973 Ubi
411 1917 480 1972 sunt
502 1916 650 1994 amatores
673 1911 792 1972 mariti?
815 1913 894 1972 dona
918 1911 990 1988 quid
1013 1915 1132 1972 cessant
1154 1911 1226 1972 mihi

331 2024 474 2085 Conferre
497 2041 599 2083 omnes
622 2025 874 2100 congratulantes,
899 2024 970 2100 quia
992 2024 1125 2101 pugnavi
1147 2022 1285 2083 fortiter?

330 2137 417 2195 Hanc
440 2135 528 2194 modo
553 2135 640 2194 uxori
662 2134 742 2195 intus
763 2137 875 2211 pallam
898 2135 1051 2211 surrupui:
1077 2134 1116 2195 ad
1135 2140 1266 2195 scortum
1284 2134 1358 2194 fero.

331 2247 379 2306 Sic
402 2245 460 2306 hoc
484 2245 580 2320 decet,
605 2244 671 2305 dari
693 2245 789 2306 facete
813 2247 906 2306 verba
929 2245 1045 2306 custodi
1068 2250 1162 2320 eatae,

330 2359 397 2418 Hoc
412 2356 528 2417 facinus
542 2356 702 2433 pulchrum
717 2361 771 2432 est,
795 2357 853 2418 hoo
868 2358 995 2434 probum
1011 2361 1064 2430 est,
1083 2357 1141 2418 hoc
1157 2356 1289 2433 lepidum
1305 2360 1358 2432 est,

881 2467 939 2528 hoo
960 2467 1101 2528 factumst
1122 2469 1222 2529 fabre:

280 2599 317 2640 135
330 2581 397 2639 Meo
421 2580 499 2638 malo
523 2598 542 2639 a
563 2574 644 2640 mala
665 2578 783 2655 abstuli,
808 2579 866 2639 hoo
888 2579 928 2639 ad
950 2579 1090 2640 damnum
1113 2579 1272 2639 deferetur.

330 2690 439 2750 Avorti
461 2690 605 2766 praedam
628 2692 665 2752 ab
689 2689 825 2751 hostibus
847 2695 981 2751 nostrum
1004 2692 1100 2751 saluto
1123 2689 1244 2751 socium.

759 2823 935 2879 anounus

331 2948 414 3007 Heus
437 2947 628 3024 adulescens,
660 2966 756 3024 ecqua
784 2949 816 3009 in
843 2948 918 3008 istac
940 2965 1011 3024 pars
1033 2947 1111 3007 inest
1133 2946 1248 3023 praeda
1270 2945 1361 3006 mihil

403 3258 537 3304 333-433
565 3258 676 3318 cainone
698 3258 880 3318 qnaternon'oc
907 3256 1031 3315 descripsi
1054 3255 1205 3305 concedente
1227 3257 1281 3304 tom
1305 3255 1360 3305 Rit-

332 3334 438 3401 sche‘lim
457 3342 519 3392 inB
536 3345 734 3404 quaternariam
750 3355 831 3391 annm
849 3340 964 3400 Quando
987 3377 993 3389 .
1011 3376 1017 3390 .
1040 3351 1142 3404 penum
1160 3342 1210 3389 dno
1228 3341 1362 3401 accipiant

333 3428 459 3476 octonorio·
574 3430 621 3476 333
647 3427 753 3478 Servius
771 3430 799 3477 in
816 3426 878 3476 Aca.
896 3428 920 3486 3,
935 3428 984 3474 373
999 3418 1078 3488 ‘egeo
1099 3426 1170 3475 hanc
1188 3437 1256 3475 rem.
1274 3426 1313 3475 Pl.
1333 3426 1361 3474 in

332 3513 403 3562 Men.
417 3509 516 3562 “linam
534 3514 623 3563 lanam
637 3513 748 3575 praebeo
764 3525 847 3573 acone
865 3512 1014 3574 quicquam
1032 3506 1127 3574 eges”.'
1211 3514 1259 3559 336
1278 3512 1361 3574 atque

334 3599 369 3648 ad
388 3610 502 3648 coenam
522 3599 667 3648 Palmarias
753 3600 800 3646 333
824 3598 906 3647 Varro
923 3599 954 3646 dc
972 3598 1061 3660 linquo
1079 3597 1161 3647 totino
1180 3601 1204 3657 7,
1219 3599 1250 3645 33
1267 3610 1295 3658 p.
1311 3598 1360 3643 363

334 3683 378 3746 Sp.
395 3677 488 3748 ‘Apud
506 3684 632 3733 Plautum
654 3679 746 3733 “euax
767 3685 853 3746 turpio
870 3695 981 3732 nocerem
999 3683 1102 3732 tondent
1119 3683 1151 3732 oo
1168 3684 1243 3746 rapio
1259 3677 1361 3732 tonno”

334 3784 402 3821 euax
419 3768 535 3819 verbum
553 3769 622 3819 nihil
640 3768 775 3830 significat
792 3769 840 3818 sed
859 3768 1006 3818 effutitium
1024 3768 1184 3817 naturaliter
1201 3761 1256 3817 est?

335 3855 485 3906 Bitschrlins
502 3854 593 3904 hercle
610 3866 724 3904 uxorem
742 3853 854 3904 tandem
919 3857 960 3902 333
985 3867 1050 3916 qma
1067 3854 1138 3903 lieri:
1161 3867 1208 3917 qur
1223 3853 1293 3916 prB

336 3945 385 3990 333
401 3938 499 3991 factust
517 3939 563 3990 BC
640 3942 689 3987 436
708 3940 822 3989 Adnortr
836 3938 961 3988 BAuertr
977 3938 997 3989 C
1009 3952 1067 3988 onan
1083 3941 1189 4001 reliquls
1264 3938 1362 3987 Prisci-

334 4039 401 4075 anus
414 4031 427 4074 7
439 4040 467 4088 p.
480 4028 565 4085 soal
580 4025 613 4075 Η.
626 4016 764 4074 ‘nostrum
781 4038 831 4090 pro
850 4027 1007 4074 nostrorum
1023 4061 1029 4073 .
1046 4061 1052 4074 .
1072 4025 1183 4075 Plautus
1199 4061 1205 4074 .
1222 4061 1227 4074 .
1245 4023 1320 4073 ldem
1333 4024 1361 4072 in

335 4111 499 4160 Menechmis
509 4107 614 4161 “averti
626 4111 732 4174 (avertit
741 4112 857 4160 nonnulli
869 4111 935 4163 libril
954 4147 960 4160 .
974 4147 980 4160 .
994 4147 1000 4160 .
1015 4105 1155 4160 socium”.’
1216 4112 1264 4159 l37
1275 4121 1362 4172 ecqua

334 4210 393 4246 corr
406 4197 427 4246 Β
440 4199 466 4245 ct
479 4209 533 4260 qua
545 4209 580 4259 pr
593 4197 624 4255 B,
642 4195 662 4246 C
756 4196 858 4261 praeda
876 4197 944 4245 mihi
965 4196 1146 4247 Camerarius:
1166 4208 1215 4260 pre
1233 4194 1300 4244 mrhr
1319 4194 1365 4246 BC
