3000 4846
260 367 300 430 68
591 361 656 421 Act.
669 383 687 420 v
705 367 749 422 So.
762 369 777 418 2
796 367 831 422 V.
844 369 942 419 74-87

673 537 878 589 Muuuaanuus

207 649 245 691 sie
259 634 387 708 Quaeso,
412 634 485 708 quid
500 634 571 694 mihi
586 639 684 694 tecum
700 634 765 694 esti
792 635 872 695 nndc
888 639 939 695 aut
956 636 1022 710 quis
1037 639 1070 696 tu
1085 634 1172 696 homo
1187 635 1259 695 esi.
1278 682 1286 695 .

258 745 327 805 Tibi
349 751 400 805 aut
423 746 498 806 adeo
520 746 578 822 isti,
603 745 680 822 quae
703 746 775 805 mihi
796 748 922 806 molesta
938 751 989 839 'est
1012 765 1131 822 quoquo
1153 746 1259 807 modo‘l

699 856 846 908 Miraouu

257 951 355 1010 Viden
376 955 408 1011 tu
430 952 474 1012 illi
496 954 597 1012 oculos
618 952 738 1012 merel
759 957 792 1012 ut
813 951 917 1012 viridis
940 952 1072 1012 exoritur
1095 953 1176 1011 colos

258 1063 305 1122 Ex
325 1064 508 1140 temporibus
531 1066 621 1139 atque
643 1064 748 1138 fronte,
771 1067 805 1122 nt
826 1063 905 1123 oculi
928 1062 1099 1136 scintillant,
1123 1062 1201 1122 vide.

668 1172 882 1225 Mnuuncnruus

207 1281 246 1325 sao
259 1267 338 1340 Quid
360 1267 431 1328 mihi
453 1269 556 1328 melius
579 1273 623 1329 est
642 1287 740 1344 quam,
765 1269 884 1343 quando
907 1269 951 1328 illi
973 1287 1019 1327 me
1042 1268 1172 1328 insanire
1195 1287 1287 1345 prae-

1021 1380 1130 1455 dicant,

259 1492 324 1568 Ego
346 1510 392 1551 mc
414 1497 450 1552 ut
472 1491 645 1552 adsimulem
667 1493 807 1568 insanire,
830 1495 863 1551 ut
884 1492 952 1552 illos
975 1512 993 1552 a
1014 1511 1060 1553 me
1083 1491 1288 1552 absterreamt

701 1601 849 1653 Miramur

258 1697 299 1756 Ut
320 1697 518 1773 pandiculans
540 1699 691 1759 oscitatur.
715 1698 794 1770 Quid
816 1716 895 1757 nunc
917 1698 1034 1773 faciam,
1059 1698 1098 1756 mi
1119 1696 1227 1773 paterl

724 1804 825 1859 Snunx

260 1902 396 1962 Concede
410 1902 479 1977 huc,
496 1919 563 1960 mea
577 1904 678 1978 gnata,
701 1903 738 1961 ab
753 1902 828 1961 istoc
845 1921 933 1978 quam
949 1908 1033 1980 potes
1048 1903 1226 1979 longissime.

670 2009 875 2061 ,murmuramus

259 2105 355 2165 Euhie
377 2111 466 2181 atque
487 2106 548 2166 heu
562 2106 688 2183 Bromie,
714 2126 772 2183 quo
793 2126 838 2167 me
853 2107 885 2166 in
900 2108 1004 2167 silvam
1020 2112 1160 2168 venatum
1175 2107 1287 2168 vocast

208 2227 245 2270 sas
258 2217 368 2292 Audio,
392 2218 445 2277 sed
467 2237 526 2278 non
548 2219 631 2278 abire
653 2236 773 2294 possum
796 2220 833 2278 ab
857 2219 903 2278 his
925 2219 1109 2295 regionibus:
1131 2295 1134 2300 ¹

258 2330 305 2387 Ita
326 2329 379 2388 illa
401 2347 447 2388 me
470 2332 507 2390 ab
530 2331 618 2389 laeva
640 2329 759 2389 rabiosa
780 2330 890 2390 femina
912 2331 1053 2390 adservat
1075 2331 1167 2405 oanis,

258 2441 346 2500 Poste
369 2444 467 2500 autem
488 2440 550 2500 illic
573 2439 673 2500 hircus
696 2441 780 2515 alius,
807 2442 858 2516 qui
880 2459 970 2518 saepe
993 2446 1091 2503 aetate
1113 2443 1145 2501 in
1167 2459 1222 2501 sua

258 2552 393 2612 Perdidit
415 2553 510 2613 civem
531 2553 718 2612 innocentem
740 2553 814 2612 falso
836 2553 1011 2613 testimonio.

726 2687 822 2737 druna

258 2784 322 2842 Vae
345 2783 435 2858 capiti
457 2788 517 2842 tuo.

261 3056 308 3101 t95
323 3054 350 3102 lt.
361 3055 421 3103 tace
439 3067 512 3105 nunc
531 3056 612 3117 atque
630 3055 700 3104 hanc
718 3069 776 3104 rem
794 3069 856 3119 gere
963 3061 1012 3106 846
1032 3057 1099 3120 quid
1117 3058 1169 3107 teci
1188 3071 1237 3120 ego
1254 3061 1288 3108 ad

259 3141 429 3201 supplendum
446 3154 550 3190 uersum
569 3142 688 3190 mutilum
705 3144 931 3203 reparandamque
948 3145 1102 3192 senteutiam
1120 3144 1217 3192 addidit
1235 3143 1288 3193 Ca-

259 3228 396 3275 merarius.
423 3225 492 3289 Cous.
507 3228 583 3276 Poeu.
596 3230 621 3285 5,
637 3229 661 3286 t,
676 3230 706 3275 67
727 3227 797 3286 Quid
810 3240 859 3277 nos
872 3229 987 3278 lecimus
1001 3227 1071 3277 tibi‘?
1163 3232 1210 3278 stu
1225 3228 1288 3278 Tibi

261 3311 315 3373 aut]
339 3310 375 3373 Cf.
390 3315 437 3360 888
559 3311 670 3372 fortasse
691 3313 806 3363 molesta
824 3328 894 3377 quae
913 3314 980 3362 mihi
999 3315 1041 3362 est
1162 3317 1210 3363 848
1231 3314 1289 3363 illio

261 3397 411 3447 llitscbctius
428 3402 457 3447 ut
475 3401 533 3446 382,
547 3400 594 3445 838
719 3412 777 3447 rure
795 3393 986 3449 reutuurdd'C
1001 3412 1062 3448 utre
1077 3437 1083 3449 .
1097 3438 1103 3449 .
1116 3393 1217 3450 uiridis
1233 3400 1289 3462 (ur-

317 3467 326 3497 t

259 3474 319 3557 remla
342 3506 441 3558 uiridis
456 3509 562 3568 corr)B
666 3509 749 3558 livere
766 3511 806 3559 vol
824 3510 913 3559 lurere
932 3511 1082 3561 llitsobalius
1189 3513 1234 3558 824
1258 3511 1291 3559 ut

259 3621 357 3668 addidit
375 3619 525 3669 Ritscbelius
630 3616 792 3684 apsterream
813 3620 832 3671 C
935 3625 983 3670 822
1002 3587 1166 3686 panniculis
1176 3620 1221 3672 BC

263 3704 300 3766 Cf.
314 3705 412 3753 Paulus
425 3717 458 3753 eu
471 3705 544 3755 Festo
559 3720 585 3767 p.
599 3710 647 3754 228
660 3697 884 3769 M.‘pandiculari
898 3707 1028 3758 dicuntur
1041 3708 1089 3770 qui
1103 3708 1160 3757 toto
1174 3719 1289 3770 corpore

260 3790 407 3839 oscitantes
426 3790 617 3851 extenduntur,
638 3805 669 3841 eo
688 3792 763 3855 quod
780 3792 865 3855 pandi
883 3787 966 3841 fiunt?
1081 3795 1128 3840 823
1149 3795 1212 3843 nata
1230 3794 1290 3842 libri

327 3869 438 3939 poteiC
453 3875 591 3924 Vaticanus
608 3871 695 3940 potest
712 3890 772 3926 corr
783 3871 892 3940 potesB
996 3881 1044 3927 sal
1061 3876 1216 3941 Euhratque
1235 3878 1289 3928 heu

260 3977 366 4027 hromre
388 3978 564 4028 cucumam
588 3979 657 4028 Eum
676 3981 729 4042 atrp
754 3980 807 4028 heu
825 3979 932 4029 bromre
953 3981 1021 4044 (corr
1033 3944 1127 4044 hEum)
1144 3982 1174 4041 B,
1195 3980 1290 4030 Euhoe

262 4063 354 4124 (Enoc)
376 4065 457 4126 atque
475 4064 528 4112 heu
546 4062 652 4113 bromie
671 4064 820 4114 Saraceuus
838 4070 862 4114 et
883 4066 1057 4126 Camerarius,
1077 4067 1153 4116 Euoe
1171 4066 1288 4126 Bacche,

261 4148 314 4197 heu
331 4148 438 4198 Bromie
452 4149 602 4198 ltitscbatius
701 4153 749 4199 827
764 4150 1022 4201 Posteditscbelius:
1038 4146 1100 4201 Post
1117 4154 1143 4201 te
1232 4151 1291 4200 illic

261 4233 354 4283 hircus
372 4234 442 4283 alius
456 4235 607 4297 Beroaldm,
623 4237 746 4297 Puiadcs:
763 4235 802 4285 llll
821 4249 894 4287 circo
914 4232 986 4288 salus
1085 4232 1145 4302 sepe
1162 4237 1182 4288 C
1199 4232 1291 4288 seteB
