3000 4846
430 335 495 392 Act.
510 350 522 389 1
541 335 585 392 So.
601 337 613 388 1
634 337 669 392 V.
682 338 792 392 30-88.
818 335 862 392 Sc.
875 338 890 388 2
903 337 939 392 V.
953 338 1035 390 1-60
1211 341 1245 400 11

218 514 296 572 Nam
318 529 417 587 neque
441 512 498 589 edo
521 502 716 588 neque'emo
740 512 798 572 nisi
822 511 903 588 quod
926 515 972 572 est
994 512 1202 572 carissumum:

220 624 256 682 Id
280 641 399 698 quoque
422 622 490 696 iam,
515 616 576 684 cari
601 624 652 700 qui
673 624 860 684 instruuntur
882 624 1032 683 deserunt.

79 811 82 818 Ι
127 798 130 803 .
219 735 308 793 Nunc
331 734 370 793 ad
393 751 460 793 eum
481 734 587 795 inviso.
634 735 694 795 Sed
715 735 849 811 aperitur
871 735 992 795 ostium:

220 843 445 905 Menaechmum
469 863 572 906 cocum
594 846 691 921 ipsum
713 846 816 906 video:
831 846 1032 924 -progreditur
1054 845 1144 905 foras.

312 1342 590 1404 MENAEOHMUS
613 1341 887 1403 ADULESCENS.
925 1342 1150 1404 PENIGULUS

623 1463 848 1523 PARASITUS

625 1665 839 1719 Mnnsucflmus

172 1786 209 1828 110
221 1770 261 1829 Ni
283 1771 368 1845 mala,
392 1770 424 1830 ni
446 1773 537 1831 stulta
559 1772 609 1846 sis,
632 1771 664 1831 ni
685 1771 829 1831 indomita
850 1771 1005 1847 imposque
1029 1770 1127 1844 animi,

221 1881 310 1953 Quod
332 1881 396 1941 viro
420 1900 484 1943 esse
507 1883 576 1943 odio
599 1883 717 1958 videas,
741 1887 804 1943 tute
826 1882 881 1943 tibi
903 1882 971 1942 odio
995 1881 1116 1942 habeas.

221 1991 402 2053 Praeterhac
426 1994 450 2052 si
472 1985 544 2053 mihi
565 1997 625 2055 tale
647 1981 817 2070 posthunc
841 1994 919 2054 diem

203 2103 323 2177 ‘Farris
347 2102 416 2162 faxo
439 2103 512 2164 foris
534 2106 627 2165 vidua
647 2106 728 2166 visas
750 2109 874 2182 patrem.

222 2215 301 2272 Nam
324 2214 461 2288 quotiens
485 2213 565 2274 foras
588 2216 631 2276 ire
653 2219 731 2291 volo,
753 2235 798 2275 me
820 2217 940 2290 retines,
964 2233 1098 2290 revocas,
1122 2214 1248 2292 rogitas:

173 2341 211 2383 666
225 2322 291 2397 Quo
314 2342 370 2401 ego
393 2343 466 2399 eam,
492 2344 582 2401 quam
603 2344 666 2385 rem
688 2345 784 2404 agam,
809 2326 882 2401 quid
905 2326 1006 2404 negoti
1027 2344 1138 2403 geram,

223 2435 302 2507 Quid
325 2439 434 2512 petam,
459 2436 531 2511 quid
554 2437 656 2512 teram,
682 2437 754 2513 quid
776 2437 848 2496 foris
872 2437 991 2514 egerim.

222 2547 402 2607 Portitorem
425 2547 544 2608 domum
567 2549 654 2609 duxi:
679 2549 720 2608 ita
742 2566 858 2608 omnem
881 2547 952 2608 mihi

224 2660 297 2718 Rem
319 2677 441 2719 necesse
466 2661 567 2736 eloqui
590 2664 643 2736 est,
669 2660 813 2736 quicquid
835 2660 883 2737 egi
906 2663 996 2734 atque
1019 2677 1085 2736 ago.

224 2771 353 2830 Nimium
365 2789 421 2849 ego
433 2775 462 2831 te
475 2770 568 2832 habui
580 2772 752 2832 delicatam:
777 2790 856 2831 nunc
866 2772 941 2831 adeo
954 2775 986 2830 ut
1000 2770 1134 2831 facturus
1146 2770 1253 2830 dicam.

227 3096 389 3156 appellantur
407 3098 523 3146 coavivio
605 3091 727 3146 summus
746 3109 799 3158 que
814 3092 881 3157 prB
970 3098 1017 3143 666
1036 3090 1254 3145 karrlsumumB

297 3183 343 3227 606
369 3182 408 3230 Dc
430 3183 591 3232 distinctione
608 3195 699 3232 006000
716 3165 861 3243 incorrupti
884 3182 941 3231 diat
958 3182 986 3230 ta
1002 3194 1115 3242 prooem.
1127 3181 1180 3229 iad.
1196 3181 1252 3230 tect.

227 3269 290 3314 ocst.
310 3268 374 3315 6886
390 3280 418 3328 p.
435 3271 515 3330 osqq.
536 3272 561 3318 ct
578 3270 673 3317 iterum
689 3268 742 3316 iod.
763 3267 819 3316 tect.
840 3267 937 3316 bibero.
959 3269 1024 3315 6888
1044 3279 1073 3328 p.
1092 3269 1157 3328 tsq.

296 3354 343 3399 666
364 3350 470 3403 Servios
485 3355 513 3403 ia
531 3352 594 3402 Aen.
613 3355 637 3412 3,
653 3354 701 3401 686
716 3344 835 3414 ‘antiqui
855 3353 883 3400 ni
901 3364 951 3415 pro
974 3364 1008 3400 ne
1026 3350 1175 3415 ponebant,
1201 3365 1256 3414 qua

226 3437 360 3502 particula
381 3438 477 3502 plenus
499 3441 540 3487 est
555 3438 665 3487 Plautus
684 3434 733 3487 “ni
755 3437 827 3487 mala
846 3437 874 3485 ni
893 3437 976 3486 stulta
993 3432 1068 3487 sis”.’
1091 3437 1210 3487 Donatus
1228 3440 1255 3487 to

228 3523 344 3573 Ecoccb.
365 3527 389 3582 2,
410 3526 434 3582 3,
450 3526 481 3572 36
504 3516 623 3573 ‘veteres
642 3524 670 3573 ni
692 3537 742 3588 pro
761 3536 794 3572 ne
812 3522 952 3587 ponebant
972 3559 1001 3573 ..
1020 3524 1051 3573 ut
1074 3521 1185 3572 Plautus
1203 3519 1255 3571 “ni

226 3609 311 3659 stulta
334 3605 392 3658 sis”
414 3622 463 3673 pro
482 3603 529 3658 ne?
625 3609 679 3658 sies
698 3609 812 3658 Botb‘tcs.
834 3607 874 3671 Cf.
890 3611 938 3657 666
1027 3611 1074 3656 668
1093 3594 1166 3658 uises
1180 3609 1257 3658 Mod-

225 3697 310 3758 060600
331 3695 424 3756 opusc.
439 3696 483 3744 ott.
496 3709 524 3757 p.
541 3698 571 3744 68
652 3696 699 3742 666
721 3693 788 3757 [ego]
810 3695 849 3743 ire
868 3695 1034 3753 Ritscbclias;
1053 3693 1164 3756 tortasse
1182 3692 1256 3744 toras

226 3781 308 3839 exire,
333 3779 366 3842 cf.
382 3782 439 3829 663.
453 3783 513 3840 866,
534 3782 589 3831 Mil.
608 3781 675 3843 plor.
691 3782 739 3829 537
759 3780 794 3830 ad
812 3783 838 3829 te
857 3780 937 3830 exibo
956 3779 1029 3830 foras
1126 3783 1174 3829 666
1193 3794 1256 3842 ege-

226 3879 279 3915 rim
298 3866 392 3915 corrB
411 3865 522 3928 legerim
537 3880 573 3928 pr
585 3867 616 3925 Β,
634 3865 653 3915 G
726 3865 853 3927 Hauptics
868 3866 932 3927 Opp.
948 3869 972 3925 3,
988 3869 1036 3915 668
1057 3865 1129 3917 toras
1148 3879 1256 3929 egeram

298 3955 345 4000 668
368 3945 475 4000 necesse
500 3951 575 4015 loqui
597 3948 636 4001 066
654 3950 699 4002 Bc
816 3952 916 4001 Nonius
937 3964 965 4012 p.
985 3953 1027 4010 st,
1051 3956 1082 4001 66
1096 3944 1257 4015 ‘portitores

226 4037 356 4088 dicuntur
378 4037 521 4086 telonearii
543 4038 591 4100 qui
609 4039 719 4101 portum
739 4036 897 4087 obsidentes
916 4037 1009 4086 omnia
1034 4037 1208 4087 sciscitentur
1232 4038 1258 4085 06

226 4136 260 4172 ex
277 4136 310 4172 eo
328 4123 446 4185 vectigal
464 4123 600 4187 accipiant
621 4160 673 4173 ...
693 4123 732 4172 Pl.
752 4123 823 4173 Men.
842 4119 1019 4187 “portitorem
1038 4122 1152 4172 domum
1174 4122 1254 4173 duxi:

226 4211 263 4258 ito
280 4211 342 4258 mibi
358 4221 461 4259 neccsse
479 4213 517 4258 ert
538 4209 620 4270 eloqui·
642 4209 776 4272 quicquid
794 4209 836 4272 egi
855 4211 936 4271 atque
955 4203 1039 4270 ago”.'
