3000 4846
275 340 315 404 88
610 337 675 392 Aet.
687 355 706 392 v
724 337 768 393 So.
782 340 797 390 9
809 338 850 395 ·V.
863 339 964 390 22-32

630 536 634 543 «
710 509 866 562 Mussnmo

209 618 260 661 1ooa
273 609 313 668 Di
335 607 525 680 immortales,
550 624 633 682 spem
655 606 837 682 insperatam
860 607 928 666 date
951 605 1023 667 mihi
1046 625 1135 682 quam
1157 609 1301 684 suspicor.

273 721 351 779 Nam
373 718 430 779 nisi
452 737 498 778 me
522 718 636 778 animus
658 718 745 793 fallit,
768 717 801 776 hi
823 723 892 778 sunt
913 719 1023 794 gemini
1044 719 1179 795 germani
1201 718 1274 779 duo:

273 833 351 891 Nam
374 835 404 890 et
425 830 553 907 patriam
576 835 606 890 et
627 834 743 905 patrem
765 836 994 890 commemorant
1018 831 1132 906 pariter
1155 830 1207 905 qui
1234 829 1302 890 fne-

1000 942 1060 1000 rint
1081 941 1145 1001 sibi.

208 1052 428 1113 mosomense
452 1071 543 1113 erum.
567 1087 610 1097 -
631 1050 833 1111 Menaechme.

637 1160 826 1214 Mnunncnml
843 1156 934 1212 Auno

838 1256 917 1328 Quid
938 1254 1006 1315 visi

708 1365 863 1418 Mnasnmo

1004 1463 1073 1521 Non
1097 1463 1198 1521 ambos
1221 1462 1300 1535 volo,

274 1573 334 1634 Sed
356 1578 422 1634 nter
445 1578 577 1634 vostrum
600 1577 646 1633 est
668 1574 811 1633 advectus
833 1591 948 1633 meeum
969 1573 1048 1632 navi.

599 1730 602 1737 ,
625 1682 840 1737 Mnuanonnus
857 1680 944 1733 Enni).

1084 1778 1151 1837 Non
1174 1795 1238 1853 ego.

635 1887 850 1940 Mnunnonmus
869 1883 938 1938 Sne.

207 1996 257 2039 mss
272 1986 314 2045 At
337 2004 400 2062 ego.

709 2090 864 2145 Massnuno

398 2192 442 2250 Te
465 2192 536 2250 volo
560 2191 658 2267 igitur.
682 2189 750 2248 Huo
773 2188 912 2250 coneede.

636 2298 850 2351 Mnunnomuus
869 2295 938 2351 San.

915 2394 1064 2455 Gonoessi.
1089 2393 1168 2465 Quid
1191 2392 1256 2453 esti

707 2503 863 2556 Mussnnuo

271 2604 337 2663 Illio
360 2603 447 2663 homo
471 2607 522 2662 aut
545 2600 734 2678 sycophanta
756 2606 807 2661 aut
829 2601 964 2676 geminus
986 2603 1031 2659 est
1053 2599 1146 2659 frater
1164 2604 1241 2659 tuus.

208 2735 259 2776 mio
270 2717 349 2775 Nam
364 2733 418 2790 ego
433 2714 581 2774 hominem
595 2712 707 2772 homini
723 2713 893 2772 similiorem
909 2729 1071 2786 numquam
1086 2710 1148 2769 vidi
1164 2713 1299 2786 alterum,

272 2826 379 2900 Neque
396 2844 476 2901 aqna
491 2842 589 2900 aquae
605 2842 703 2898 neque
719 2825 797 2883 laete
814 2828 859 2883 est
878 2824 957 2896 laeti,
975 2822 1064 2882 erede
1081 2821 1160 2895 mihi,
1174 2840 1300 2898 usquam

889 2933 1022 3010 similius,

274 3047 369 3119 Quam
391 3046 440 3107 hio
462 3046 506 3106 tui
521 3050 567 3106 est
581 3050 674 3122 tuque
689 3045 778 3105 huius
801 3050 915 3119 autem3
940 3049 1007 3121 post
1029 3045 1153 3104 eundem
1172 3046 1300 3120 patriam

890 3176 925 3217 ao
948 3161 1064 3233 patrem

270 3269 423 3330 Memorat.
447 3271 554 3331 Melius
578 3274 624 3330 est
645 3287 699 3330 nos
721 3270 804 3330 adire
828 3274 918 3345 atque
940 3268 1019 3328 huno
1042 3267 1254 3344 pereuntarier.

271 3538 332 3574 meo
352 3525 476 3587 Pyladea:
498 3527 557 3576 Tun
576 3539 653 3576 ameo
751 3537 813 3574 meo
834 3524 863 3584 C,
883 3524 964 3574 omB
1063 3523 1129 3570 44464
1148 3523 1299 3586 gemmeiB

340 3614 406 3660 4465
426 3613 453 3659 et
472 3612 588 3676 patriam
607 3613 633 3660 et
651 3612 756 3675 patrem
775 3612 890 3673 Lipsius:
913 3612 939 3658 et
954 3611 1060 3673 patrem
1073 3610 1099 3657 et
1112 3609 1226 3657 matrem

271 3699 337 3744 4467
353 3699 511 3746 vostrorum
522 3697 679 3755 flitsehelios,
694 3702 771 3756 recte,
785 3697 837 3744 uisi
848 3694 914 3757 forte
926 3696 1006 3744 males
1025 3693 1078 3743 Sed
1095 3696 1156 3742 uter
1173 3696 1299 3745 vostrum

269 3782 311 3830 est
326 3780 425 3844 [hodie]
442 3783 573 3832 advectus
587 3795 699 3831 mecum
715 3783 788 3842 navi,
804 3781 859 3829 coll.
870 3783 944 3828 4057.
961 3781 1031 3841 Quae
1043 3783 1181 3841 praetereo
1194 3783 1299 3843 4444094-

269 3871 405 3926 tutassent,
419 3870 496 3917 irrito
507 3870 627 3918 uidentur
704 3871 769 3915 4069
783 3868 829 3917 aut
845 3865 903 3928 [est]
917 3866 1074 3922 Rttsotetios,
1089 3865 1171 3913 homo
1188 3864 1296 3929 [hercle]

269 3951 379 4001 Brixiae
468 3956 528 4002 4044
548 3953 699 4002 Priscianus
716 3957 740 4012 6,
752 3967 780 4015 p.
793 3956 851 4010 244,
867 3955 880 3997 7
896 3951 926 3999 Η.
936 3943 1134 4013 ‘antiquissimi
1147 3952 1229 4000 etiam
1247 3952 1299 4000 hoc

270 4037 339 4087 lacte
352 4039 498 4102 protulisse
516 4039 692 4089 inveniuntur
705 4041 774 4088 teste
787 4038 874 4101 Capro
889 4061 895 4074 ·
912 4061 917 4074 ·
932 4037 968 4085 Pl.
982 4038 1009 4085 in
1022 4037 1090 4084 Men.
1100 4034 1206 4101 “neque
1219 4059 1226 4073 ·
1240 4061 1246 4074 ·
1260 4039 1299 4087 si-

269 4119 396 4174 milius”.'
504 4125 543 4173 De
554 4129 656 4174 mutato
668 4125 856 4174 construetione
868 4122 900 4184 os.
915 4123 1008 4172 44444440
1021 4123 1097 4171 Loer.
1111 4125 1136 4181 4,
1152 4124 1212 4169 4244

271 4211 336 4257 44442
347 4211 409 4274 post
419 4211 534 4260 eandem
543 4209 662 4259 Bottioa:
675 4204 769 4276 postea
778 4209 892 4259 eandem
966 4211 1030 4257 44473
1046 4208 1121 4257 adire
1131 4210 1213 4271 atque
1226 4209 1299 4258 hune
