3000 4846
259 353 300 416 30
474 348 538 405 Act.
553 364 576 405 11
595 349 640 405 So.
656 353 670 403 2
689 350 724 405 V.
739 351 851 404 63-75.
872 348 946 405 Sc.3
966 349 1001 405 V.
1017 352 1083 402 1-2

712 522 866 576 Mnesnruo

207 626 245 667 3³⁵
260 621 380 682 Minime
402 621 504 681 hercle
527 622 647 681 mirum:
673 639 784 680 morem
806 619 887 679 hunc
909 621 1079 681 meretrices
1102 618 1228 679 habent:

259 732 310 791 Ad
332 736 451 808 portum
474 733 593 792 mittunt
616 734 749 791 servolos
773 732 945 791 ancillulas:

260 843 291 903 si
315 861 392 919 quae
415 844 682 921 peregrinanavis
705 844 735 902 in
759 847 877 919 portum
900 842 1030 915 advenit,

259 956 401 1030 Rogitant
424 956 530 1016 cuiatis
553 955 599 1030 sit,
625 954 698 1030 quid
721 955 749 1013 ei
770 971 876 1014 nomen
901 953 971 1012 siet:

260 1067 384 1126 Postilla
407 1067 555 1142 extemplo
580 1084 611 1125 se
635 1066 789 1142 applicant
811 1064 1014 1140 agglutinant;

209 1186 247 1228 ³⁴0
262 1177 292 1237 Si
314 1179 510 1253 pellexerunt,
535 1176 684 1254 perditum
707 1177 845 1236 amittunt
867 1175 994 1235 domum.

261 1290 348 1348 Nunc
370 1290 402 1348 in
423 1290 499 1349 istoc
521 1293 609 1365 portu
633 1292 691 1348 stat
713 1288 798 1348 navis
820 1286 1020 1363 praedatoria.

261 1400 327 1476 Aps
351 1418 411 1475 qua
434 1400 599 1461 cavendum
621 1401 708 1460 nobis
731 1418 802 1459 sane
826 1415 942 1459 censeo.

672 1491 886 1562 Mnnnncnnus

262 1606 365 1672 Mones
389 1606 509 1680 quidem
531 1603 633 1665 hercle
655 1610 745 1665 recte.

699 1712 854 1766 Mnssnsro

749 1811 825 1870 Tum
849 1808 965 1868 demum
988 1809 1079 1868 sciam

263 1922 355 1982 Recte
378 1923 536 1997 monuisse,
561 1923 639 1981 situ
662 1925 742 1981 recte
767 1921 890 1980 caveris.

674 2029 887 2083 Meminerimus

214 2145 251 2187 sle
266 2126 347 2186 Tace
371 2128 440 2187 dum
462 2146 637 2204 parumper:
662 2146 731 2187 nam
754 2127 928 2202 concrepuit
950 2126 1066 2186 ostium.

264 2237 434 2313 Videamus,
459 2239 511 2315 qui
532 2239 602 2300 hinc
625 2240 785 2317 egreditur.

700 2348 855 2401 Mnssnruo

786 2446 852 2505 Hoc
875 2461 984 2520 ponam
1006 2441 1131 2501 interim.

266 2555 467 2616 Adservatcte
490 2555 566 2615 haec
589 2556 614 2615 si
635 2557 733 2631 voltis,
757 2556 880 2615 navales
902 2554 1004 2630 pedes.

277 2947 460 3009 EROTIUM
489 2948 651 3007 MULIER.
702 2946 980 3008 MENAECHMUS
1009 2946 1282 3007 ADULESCENS.

591 3056 789 3119 MESSENIO
813 3058 962 3119 SERVUS

712 3226 853 3280 Enorrom

216 3346 254 3387 aes
269 3326 338 3387 Sine
360 3327 440 3386 fores
463 3327 515 3399 sic,
540 3326 603 3385 abi:
628 3325 698 3385 nolo
721 3325 840 3401 operiri.

267 3441 351 3499 Intus
374 3456 458 3514 para,
483 3456 564 3512 cura,
588 3437 666 3511 vide,
692 3437 774 3511 quod
796 3439 885 3511 opust
907 3434 974 3494 fiat:

269 3626 371 3688 Lipsius
475 3628 522 3672 337
543 3626 570 3674 Sl
589 3625 675 3688 quali
687 3637 747 3673 corr
760 3624 813 3674 Sed
825 3621 914 3688 qua'ss
924 3635 959 3685 pr
977 3621 1030 3671 Sed
1046 3635 1111 3685 qura
1126 3621 1146 3671 0
1158 3634 1227 3685 quae
1240 3621 1296 3671 liit-

269 3712 378 3761 schelius
456 3713 504 3758 338
524 3710 675 3760 Priscianus
690 3713 730 3769 17,
747 3722 775 3771 p.
789 3711 847 3768 133,
860 3707 892 3756 iii
910 3708 942 3758 H.
958 3699 1057 3767 ‘cuias
1078 3708 1157 3756 cuius
1171 3707 1296 3757 nomina-

270 3799 357 3848 tivum
370 3796 453 3845 etiam
466 3795 564 3843 cuiatis
578 3795 717 3844 communi
730 3807 827 3857 genere
840 3793 945 3856 antiqui
957 3792 1142 3856 proferebant.
1158 3792 1295 3841 Plautus..

271 3885 343 3934 idem
357 3884 384 3932 in
397 3878 579 3930 Menaechmis
592 3879 729 3943 “Roqitcnt
749 3879 846 3929 cuiatis
866 3879 902 3927 sit
918 3882 963 3928 oui
980 3891 1029 3940 qao
1048 3892 1082 3927 ecc
1099 3870 1224 3939 oppida’?

270 3969 408 4032 RogantB
475 3943 577 4030 quido
647 3969 694 4013 339
709 3965 819 4014 Postilla
832 3964 966 4027 extemplo
983 3964 1136 4014 Gulielmus:
1157 3960 1217 4011 Post
1234 3960 1296 4009 illae

271 4057 436 4121 extemploB
448 4049 510 4105 Post
522 4054 567 4103 rlle
580 4051 715 4115 extemplo
731 4050 750 4100 C
806 4053 855 4099 aio
869 4050 932 4099 hinc
946 4050 1067 4100 creditur
1079 4050 1100 4098 B
1110 4061 1153 4110 pr,
1167 4047 1194 4106 C,
1209 4047 1297 4096 corrB

340 4145 388 4191 :iil
408 4143 488 4192 sultis
507 4141 617 4203 Pylades
713 4139 813 4187 Nonius
828 4150 857 4199 p.
873 4138 931 4197 iti,
952 4141 983 4185 33
998 4129 1140 4184 ‘revocare
1158 4132 1256 4196 pedem
1271 4169 1296 4182 ..

272 4228 354 4277 ctiam
367 4228 513 4278 fluviorum
527 4226 582 4275 dici
594 4237 675 4288 posse
687 4261 709 4275 ..
725 4225 752 4272 et
763 4222 873 4273 Plautus
886 4236 976 4274 remos
988 4223 1100 4272 navium
1111 4219 1194 4282 pedes
1208 4212 1292 4268 diuit.³
