3000 4846
588 359 654 415 Aot.
666 376 685 414 v
703 357 745 413 So.
760 361 770 410 1
792 359 828 413 V.
843 360 943 411 29-45

307 581 310 592 ,
696 530 850 584 Marssoua

205 647 244 688 rao
256 633 299 691 At
320 630 392 690 mihi
415 629 547 707 negabas
570 629 682 689 dudum
705 627 893 703 surrupuisse
916 630 956 701 te,

257 744 344 803 Nune
368 741 493 801 eandem
516 745 584 801 ante
607 741 711 801 oeulos
734 739 851 799 attines.
875 757 936 798 non
958 741 988 798 te
1009 735 1122 814 pudor

666 849 882 902 maranorum

256 948 325 1007 Heu
346 946 457 1021 herole,
481 947 595 1021 mulier,
620 948 744 1005 multum
767 949 796 1005 et
819 944 919 1004 audax
942 946 971 1001 et
993 942 1072 1001 mala
1095 959 1135 1001 es.

256 1059 324 1118 Tun
346 1058 401 1118 tibi
422 1057 501 1117 hano
524 1062 691 1134 surreptam
714 1057 813 1116 disere
837 1055 940 1128 audes,
965 1070 1055 1129 quam
1076 1051 1148 1112 mihi

256 1169 347 1229 Dedit
369 1169 430 1229 alia
451 1169 566 1243 mulier,
590 1172 622 1228 ut
645 1167 882 1229 oonoinnandam
905 1163 1028 1225 darem?

696 1275 849 1329 Msruouu

206 1391 243 1434 rae
256 1376 302 1435 Ne
324 1374 401 1433 istuo
423 1377 578 1449 mecastor,
601 1374 660 1433 iam
681 1377 797 1449 patrem
820 1388 971 1432 aooersam
993 1388 1090 1430 meum

256 1487 358 1561 Atque
381 1485 408 1545 ei
430 1486 560 1545 narrabo
582 1488 635 1545 tua
657 1485 771 1562 flagitia
794 1502 871 1558 quae
894 1481 978 1542 faois.

256 1598 301 1672 Ei,
325 1597 429 1672 Deoio,
454 1615 566 1671 quaere
588 1614 685 1656 meum
708 1600 832 1672 patrem,
857 1599 956 1654 teoum
978 1593 1065 1653 simul

256 1709 296 1768 Ut
316 1708 417 1767 veniat
440 1707 479 1768 ad
501 1726 561 1766 me:
586 1708 628 1767 ita
649 1726 713 1767 rem
735 1725 801 1768 esse
825 1706 924 1766 dioito.

256 1821 320 1879 iam
342 1820 398 1896 ego
421 1819 554 1894 aperiam
576 1820 669 1880 istaeo
691 1824 744 1879 tua
766 1818 888 1896 flagitia.

667 1927 882 1980 Msuauorruos

700 2009 702 2014 ’
813 2098 817 2108 ¹
898 2022 999 2082 Sanan
1022 2018 1075 2080 esi

206 2154 244 2197 rao
257 2136 341 2209 Quae
363 2153 430 2195 mea
451 2132 586 2210 flagitia?

696 2241 849 2294 Mesorome

590 2338 706 2398 Pallam
728 2341 819 2413 atque
843 2356 948 2397 aurum
970 2356 1065 2397 meum

256 2456 352 2514 Domo
376 2450 510 2528 suppilas
532 2453 601 2509 tuae
624 2450 711 2509 uxori
733 2454 762 2509 et
784 2453 853 2508 tuae

257 2563 383 2641 Degeris
406 2561 528 2637 amioae.
556 2561 634 2620 satin
655 2560 731 2620 haeo
754 2563 835 2619 reote
858 2559 996 2621 fabulori

667 2670 884 2723 Muuusofluos

258 2769 376 2841 Quaeso
398 2766 511 2842 horale,
534 2766 648 2839 mulier,
673 2767 697 2826 si
720 2767 787 2843 sois,
811 2770 943 2827 monstra
966 2767 1048 2842 quod
1069 2749 1178 2841 bibam,

257 2881 354 2939 Tuam
377 2879 428 2953 qui
450 2877 561 2954 possim
583 2878 700 2954 perpeti
721 2879 925 2954 petulantiam.

207 3012 246 3054 ras
259 2992 353 3064 Quem
374 2994 407 3049 tu
430 2989 579 3049 homiuem
602 2990 757 3065 arbitrare,
781 2990 898 3050 neseio:

259 3104 324 3181 Ego
346 3106 376 3161 te
399 3101 497 3160 simitu
519 3100 590 3161 novi
613 3119 680 3161 oum
702 3100 882 3161 Porthaone.

264 3271 458 3280 ..—

232 3405 233 3408 ¹
260 3376 393 3455 annosrta
406 3375 509 3432 sithoc
525 3347 640 3453 Caniioi
650 3385 687 3431 rte
706 3376 744 3431 est
762 3346 847 3452 hooB
951 3382 1000 3426 727
1018 3379 1150 3429 Traditum
1165 3393 1289 3430 versuum

260 3469 376 3517 ordinem
394 3481 467 3528 quom
485 3481 536 3518 nom
554 3470 645 3519 leviter
661 3470 770 3517 mutavit
788 3467 939 3516 Bitscholr'as
962 3466 1095 3514 oiadtoaro
1112 3467 1200 3515 studui
1222 3479 1288 3515 maa.

260 3553 409 3602 Rhomtsstt
425 3566 450 3614 p.
464 3556 513 3603 636
591 3557 634 3602 727
654 3552 801 3602 eadsmBC
875 3545 1095 3614 tsamaleinr
1163 3554 1212 3599 723
1226 3565 1288 3602 sur-

259 3641 364 3703 reptem
382 3640 453 3688 hano
472 3640 587 3690 Bottioo.
615 3638 653 3702 Cf.
675 3641 738 3688 rom
871 3641 919 3685 727
940 3638 1024 3687 deoeo
1044 3636 1089 3688 BG
1204 3650 1289 3701 quare

261 3724 315 3784 BC,
335 3726 428 3774 oorrB
545 3730 593 3775 778
613 3739 671 3775 rem
693 3724 801 3788 [natam]
831 3724 982 3774 Ritsotelr'os
1103 3727 1151 3772 729
1171 3721 1221 3774 rita
1238 3725 1289 3772 heo

261 3811 327 3872 Bpr
344 3805 409 3860 rsteo
430 3810 449 3860 C
565 3815 613 3859 739
636 3811 736 3862 Coaioor'
753 3811 840 3874 pallas
858 3810 914 3860 coll.
933 3813 980 3858 797
1099 3812 1144 3857 737
1168 3809 1289 3872 suppilas

264 3895 352 3959 [olam]
374 3896 567 3956 maciomanum
586 3899 631 3947 aed
648 3900 733 3948 nascio
751 3908 785 3943 aa
803 3897 866 3945 horo
880 3898 969 3957 portos
981 3897 1063 3945 oratio
1078 3898 1212 3958 flagitator
1228 3894 1289 3958 pal-

263 3982 303 4033 las
326 3984 408 4045 atque
433 3995 531 4032 aurum
557 3995 649 4032 meum
673 3984 760 4032 Domo
785 3982 920 4045 suppilas:
947 3983 1010 4031 tuae
1034 3981 1113 4032 uxori
1134 3979 1242 4043 [aufers]
1263 3982 1290 4029 et

263 4068 325 4117 tuae
342 4068 451 4132 Degeris
470 4068 582 4117 amicae.
610 4067 648 4130 Cf.
670 4071 718 4118 797
733 4081 770 4130 sp.
799 4066 870 4127 Quae
884 4071 1024 4128 praeterea
1039 4067 1144 4128 prolata
1161 4067 1213 4115 vidi
1230 4079 1290 4127 spa-

263 4156 332 4203 cioso
349 4158 418 4213 sam,
438 4166 491 4202 ooo
507 4165 570 4202 aera
708 4156 756 4202 737
779 4151 858 4215 [med]
880 4153 1019 4202 hominem
1041 4151 1117 4216 [esse]
1140 4153 1290 4202 Ritsctelr'aa

356 4241 404 4286 736
424 4239 518 4287 simitu
539 4236 717 4293 Camerarius:
738 4237 760 4288 ir
777 4250 821 4287 me
839 4239 869 4287 tu
889 4238 910 4286 B
929 4232 1045 4288 srmefrtu
1066 4237 1086 4289 C
