3000 4846
402 367 445 425 IV
748 404 749 409 κ
845 361 987 417 Praefatio

403 558 500 619 quam
514 538 651 599 maxime
675 535 854 599 studiosus:
880 557 976 618 quam
993 545 1181 599 consecutus
1198 536 1292 599 etiam
1308 535 1340 597 in
1355 556 1431 616 per-

403 659 552 703 sonarum
564 640 648 702 notis
660 641 800 721 Ussingii
813 641 995 721 exemplum
1008 641 1148 703 imitatus
1164 659 1234 702 sum
1246 640 1290 702 ita
1301 648 1337 702 ut
1348 660 1430 720 quae

402 745 536 806 omissae
552 751 607 804 aut
622 763 720 824 prave
736 744 872 823 scriptae
888 753 996 807 essent
1011 745 1044 805 in
1061 743 1152 805 libris
1167 740 1209 824 (h.
1225 763 1253 804 e.
1268 740 1302 803 in
1317 745 1430 807 Vetere

403 845 525 926 Codice)
542 844 667 908 diverso
685 845 859 933 scripturae
876 847 967 910 modo
984 848 1159 928 signarem,
1184 864 1254 906 raro
1280 845 1375 907 simul
1397 847 1430 906 in

393 950 604 1013 ‚adnotatione
625 958 773 1012 testatus:
799 951 911 1030 inquo
933 970 1049 1032 genere
1065 968 1177 1011 vereor
1199 967 1238 1009 ne
1261 948 1430 1029 aliquoties

401 1055 617 1136 peccaverim;
646 1073 687 1116 ex
709 1054 871 1116 Ritschelii
894 1053 1024 1135 quidem
1047 1052 1248 1118 adnotatione
1271 1071 1431 1115 nonnum-

403 1178 498 1239 quam
520 1177 570 1219 me
592 1175 656 1218 non
680 1157 757 1218 satis
779 1166 863 1219 certo
887 1157 1056 1238 expedivi:
1088 1158 1145 1221 sed
1167 1168 1273 1222 tamen
1295 1158 1348 1220 vel
1373 1156 1427 1237 ita,

403 1261 553 1343 quoniam
570 1260 609 1323 dc
625 1279 833 1340 personarum
849 1258 1074 1323 distributione
1090 1262 1124 1322 in
1138 1264 1196 1324 hac
1215 1260 1323 1324 fabula
1338 1279 1432 1340 prae-

402 1373 450 1426 ter
472 1382 590 1444 paucos
612 1362 697 1426 locos
719 1382 819 1444 paene
837 1363 923 1426 nulla
940 1363 1111 1427 difficultas
1127 1374 1176 1428 est
1190 1373 1245 1427 aut
1261 1361 1428 1441 dubitatio,

401 1468 461 1528 hoc
473 1468 550 1530 satis
563 1476 630 1530 erat
641 1466 681 1529 ad
692 1486 779 1529 meas
794 1453 944 1547 rationes,
961 1467 1123 1530 admoneri
1139 1469 1296 1549 legentem
1312 1463 1433 1546 siquid

402 1572 435 1633 in
444 1571 537 1633 libris
548 1590 639 1633 secus
652 1569 834 1632 haberetur.
850 1571 1131 1633 Grammaticorum
1143 1570 1334 1649 testimonia,
1350 1588 1432 1650 quo-

401 1694 472 1736 rum
489 1675 522 1735 in
538 1674 597 1736 hac
613 1672 721 1735 fabula
737 1673 935 1737 emendanda
950 1693 1013 1735 non
1029 1694 1099 1737 raro
1119 1674 1275 1756 insignior
1297 1681 1346 1735 est
1367 1671 1433 1733 uti-

401 1778 485 1858 litas,
504 1777 681 1859 perscripta
697 1774 782 1838 dedi.
810 1772 1057 1840 Emendationes
1073 1779 1105 1839 in
1122 1774 1324 1840 adnotatione
1339 1775 1432 1856 posui

403 1882 469 1944 fere
493 1901 546 1944 eas
567 1899 647 1962 quas
666 1898 760 1942 veras
780 1880 833 1942 vel
855 1880 1038 1961 probabiles
1057 1881 1222 1963 haberem,
1247 1879 1428 1958 nonnullas,

320 1983 322 1988 ’
402 2005 493 2066 quas,
512 1985 573 2048 etsi
588 2002 683 2045 verae
700 2002 763 2044 non
779 1992 900 2064 essent,
924 1992 1030 2045 tamen
1047 1993 1132 2046 certa
1147 1985 1268 2047 ratione
1284 1981 1433 2045 conside-

401 2085 518 2148 randas
541 2096 703 2168 putarem,
728 2086 835 2149 addito
854 2087 905 2148 hio
927 2087 993 2149 illic
1014 2096 1199 2169 argumento
1215 2086 1268 2149 vel
1285 2084 1431 2166 exemplo

401 2189 442 2252 ad
465 2189 712 2253 confirmandam
732 2199 787 2253 aut
808 2191 1060 2272 redarguendam
1084 2193 1275 2272 scripturam
1289 2197 1432 2252 veterem

400 2292 453 2354 vel
475 2311 579 2374 nuper
602 2303 773 2374 repertam.
809 2295 1013 2358 Coniecturas
1035 2295 1151 2357 multas
1167 2295 1272 2357 sciens
1287 2300 1433 2374 praetera

401 2395 484 2476 misi,
500 2397 576 2478 quia
591 2396 721 2460 inutiles
737 2406 792 2461 aut
803 2399 898 2460 nimis
914 2417 984 2460 esse
998 2393 1139 2460 incertae
1148 2398 1226 2458 mihi
1237 2397 1326 2458 visae
1338 2402 1428 2457 sunt:

401 2498 524 2579 siquid
546 2508 652 2573 tamen
669 2501 749 2563 forte
772 2499 1006 2581 imprudentem
1030 2501 1148 2581 fugerit
1171 2498 1258 2581 quod
1276 2498 1376 2580 probe
1395 2517 1432 2558 ac

399 2621 476 2664 vere
492 2604 704 2684 excogitatum
717 2603 768 2682 sit,
784 2622 876 2683 spero
885 2603 1012 2664 veniam
1027 2611 1172 2684 paratum
1189 2602 1238 2683 iri,
1254 2622 1326 2664 oum
1337 2620 1432 2683 prae-

402 2706 512 2767 sertim
527 2724 591 2767 non
606 2707 665 2768 hoc
680 2705 799 2787 egerim
815 2715 851 2768 ut
866 2707 963 2768 crisin
979 2707 1155 2769 Plautinam
1176 2725 1249 2768 mea
1268 2713 1358 2786 parte
1374 2702 1433 2765 ad-

401 2809 544 2870 iuvarem
560 2809 617 2873 sed
631 2819 667 2873 ut
683 2830 824 2872 meorum
840 2808 1070 2890 discipulorum
1086 2807 1271 2889 commodis,
1291 2817 1327 2869 ut
1341 2806 1433 2868 licuit

401 2912 450 2974 bis
472 2920 652 2994 temporum
674 2913 846 2994 angustiis,
880 2914 1114 2995 prospicerem,
1144 2931 1250 2994 neque
1274 2912 1332 2973 hoc
1353 2908 1432 2971 meis

350 3002 351 3005 ¹
401 3016 528 3077 omnino
544 3017 723 3079 rationibus
739 3017 857 3079 factum
873 3017 914 3078 sit
930 3024 966 3077 ut
981 3017 1014 3077 in
1029 3017 1171 3098 plurium
1187 3035 1283 3097 quam
1304 3013 1432 3076 illorum

400 3139 514 3182 manus
530 3120 608 3182 haec
620 3121 766 3202 exempla
778 3121 843 3182 sint
858 3129 1062 3201 perventura.
1085 3117 1145 3182 Ad.
1155 3114 1432 3198 KiesslingiiAna-

400 3221 481 3283 lecta
503 3222 619 3304 altere,
646 3224 772 3304 quibus
787 3223 815 3286 is
837 3223 933 3285 buius
956 3223 1083 3285 fabulae
1104 3242 1176 3284 cum
1200 3222 1262 3283 alia
1278 3219 1432 3282 nonnulla

401 3324 479 3386 scita
492 3324 753 3406 interpretatione
765 3326 1000 3408 dilucidaverit,
1015 3336 1083 3389 tum
1095 3345 1247 3389 versuum
1260 3324 1430 3385 ooo-ota

400 3427 512 3489 turbas
538 3447 604 3490 non
627 3430 714 3510 quod
740 3450 797 3512 ego
825 3431 976 3512 putabam
1002 3428 1236 3512 transponendo
1265 3426 1323 3491 sed
1348 3425 1432 3488 reci-

399 3528 503 3594 dendo
520 3550 590 3593 esse
608 3533 841 3614 componendas
861 3535 1057 3617 persuadere
1077 3533 1197 3613 studet,
1223 3552 1293 3596 sero
1316 3529 1357 3594 ad
1381 3549 1431 3591 me

399 3633 493 3695 allata
517 3642 607 3696 sunt:
635 3635 720 3716 quod
743 3657 838 3717 quam
859 3658 951 3719 aegre
974 3637 1118 3717 tulerim,
1144 3637 1213 3717 ipse
1234 3656 1297 3697 non
1314 3635 1428 3697 nescit.

398 3739 443 3798 De
469 3738 696 3817 compositione
717 3738 844 3801 fabulae
867 3742 1040 3821 compluria
1062 3738 1272 3822 expendenda
1288 3744 1427 3800 restant:

400 3839 439 3902 de
469 3860 533 3920 qua
559 3859 593 3901 re
622 3840 755 3904 fortasse
786 3863 877 3924 agam
911 3843 989 3906 alias
1019 3864 1091 3906 oum
1119 3843 1300 3919 videbitur;
1334 3860 1430 3922 quam

399 3961 503 4023 nuper
524 3945 720 4024 propositam
743 3944 810 4007 vidi
841 3947 1046 4027 sententiam,
1078 3946 1193 4010 bonam
1220 3954 1342 4026 partem
1365 3946 1430 4006 Me-

399 4047 623 4109 naechmorum
641 4047 878 4130 interpolationi
904 4057 958 4111 aut
976 4052 1191 4113 retractationi
1214 4047 1340 4130 deberi,
1359 4048 1429 4132 ¹iam

400 4168 486 4211 nuno
501 4151 652 4230 profiteor
667 4152 744 4213 mihi
759 4172 823 4213 non
839 4152 980 4232 probari.

487 4288 554 4350 Sor.
573 4289 711 4350 Berolini
727 4309 769 4350 m.
787 4289 953 4352 Decembri
968 4309 1160 4354 nnooomxxr.
