3000 4846
588 350 653 410 Aet.
668 368 700 409 Ν
717 353 762 410 Se.
779 356 791 406 1
811 355 846 411 V.
863 357 947 408 1-12

549 1277 712 1337 mumulo.
758 1275 984 1338 PENIOULUS

244 1480 247 1486 .
713 1428 837 1482 Murmur

207 1535 245 1576 ⁶4⁶
257 1524 361 1604 Egone
383 1525 432 1586 hio
455 1543 501 1586 me
524 1526 623 1602 patiar
644 1544 709 1586 esse
729 1526 761 1587 iu
783 1527 975 1602 matrimonio,

258 1638 319 1698 Ubi
340 1638 387 1697 vir
409 1637 549 1714 compilet
571 1637 740 1698 olaneulum
763 1639 907 1715 quioquid
931 1639 1036 1699 domist

258 1752 361 1825 Atque
384 1748 423 1808 ad
447 1749 571 1808 amioam
594 1747 749 1809 detersti*

687 1855 863 1911 Prurcuuus

732 1953 811 2027 Quin
832 1959 865 2014 tu
887 1959 978 2016 taoes.

262 2065 420 2126 Manifesto
442 2064 512 2124 faxo
535 2065 595 2124 iam
616 2065 782 2142 opprimes:
808 2085 934 2143 sequere
957 2067 1015 2128 hae
1038 2067 1132 2127 modo.

209 2188 247 2230 ⁵⁵0
257 2179 376 2237 Pallam
399 2176 438 2236 ad
460 2175 656 2253 phrygionem
678 2195 745 2237 oum
767 2195 877 2238 eorona
899 2179 999 2240 ebrius
1100 2241 1106 2253 ,

261 2289 401 2364 Petebat,
425 2287 514 2349 hodie
536 2288 591 2349 tibi
614 2306 703 2364 quam
726 2290 880 2367 surrupuit
902 2291 996 2351 domo.

263 2400 323 2461 Sed
345 2419 446 2461 eeeam
468 2418 615 2475 eoronam,
641 2418 730 2476 quam
752 2402 872 2463 habuit:
897 2421 968 2463 uum
990 2402 1135 2463 mentiori
1191 2417 1192 2420 ’

262 2513 318 2571 Em
340 2511 398 2573 hae
421 2512 502 2586 abiit,
526 2512 552 2571 si
572 2511 618 2571 vis
641 2513 783 2588 persequi
804 2513 946 2589 vestigiis.

261 2623 365 2698 Atque
388 2623 494 2700 edepol
517 2640 629 2697 eeeum,
654 2623 763 2698 optime
785 2624 953 2699 revortitur,
979 2689 983 2697 ,

211 2747 250 2788 ess
264 2733 323 2793 Sed
346 2735 457 2809 pallam
478 2751 537 2794 nou
560 2733 625 2792 fert.

709 2815 832 2869 liumus

623 2912 703 2986 Quid
725 2932 780 2991 ego
803 2933 881 2975 nuno
906 2932 973 2975 oum
993 2914 1062 2975 illoo
1085 2915 1193 2992 agauri

689 2994 865 3076 Peribimus

262 3119 347 3179 Idem
370 3119 451 3195 quod
473 3137 604 3196 semper:
630 3122 706 3180 male
729 3119 852 3180 habeas.

714 3230 837 3282 Moerus

860 3307 909 3368 Sie
932 3325 1048 3368 eenseo.

693 3415 861 3468 ferremus

265 3513 332 3573 Huo
356 3512 569 3573 ooueedamus:
595 3531 633 3572 ex
654 3513 769 3573 insidiis
793 3532 919 3590 aueupa.

333 3736 382 3783 ete
402 3733 541 3783 medaorar
557 3736 597 3784 ool
615 3735 749 3785 medatrar
768 3736 813 3787 Bc
830 3749 874 3784 me
891 3737 980 3799 patrer
997 3737 1097 3785 oorrB
1164 3750 1223 3786 esse
1241 3738 1292 3786 adol
1398 3764 1408 3768 ’-

183 3807 185 3813 ’
267 3821 433 3872 Camerarius
509 3823 557 3869 547
576 3833 668 3870 uoursr
687 3822 707 3871 Α
728 3821 802 3870 domi
821 3816 859 3870 eit
876 3822 969 3882 reliqui
1047 3825 1095 3871 558
1112 3822 1163 3886 [id]
1185 3823 1220 3872 ad
1241 3821 1292 3872 Oo-

263 3908 404 3966 merarius,
423 3905 510 3968 Atque
524 3904 623 3969 [omne]
639 3908 779 3957 Muellerus
798 3908 903 3957 Prosod.
924 3911 939 3955 2
955 3922 982 3971 p.
996 3912 1044 3957 tte
1154 3912 1201 3957 550
1220 3908 1291 3973 phy-

265 3991 389 4041 dmonem
407 3993 447 4041 uel
466 3989 613 4040 turdionem
632 3991 677 4042 BC
754 3992 876 4042 eoronad
895 3993 1044 4043 Ritsobollur
1062 4008 1120 4044 ouon
1138 3994 1292 4043 Buechelero

334 4081 382 4126 557
404 4078 504 4126 Nouius
525 4091 553 4138 p.
571 4078 629 4136 lot,
645 4080 676 4125 42
696 4071 861 4142 aucupavi,
885 4080 1004 4129 activum
1026 4080 1147 4144 positum
1165 4092 1215 4144 pro
1227 4091 1292 4142 pes-

265 4162 324 4210 sivo
338 4200 363 4210 ..
383 4163 493 4212 Plautus
513 4200 538 4211 ..
558 4162 631 4211 idem
651 4162 721 4214 Men.
741 4161 786 4213 “ut
804 4165 987 4216 concedamus
1001 4203 1007 4215 .
1022 4204 1047 4217 ..
1063 4159 1202 4227 aucupa”.'
