3000 4846
628 344 691 397 Act.
705 358 729 397 11
747 341 791 397 So.
807 344 821 394 3
841 343 877 398 V.
893 343 992 395 18-31

707 514 921 569 liniamus

1037 609 1115 683 Quid
1137 629 1251 673 meeum
1273 612 1328 672 tibi

297 724 369 783 Fuit
390 742 531 799 umquam
555 727 606 784 aut
627 742 706 783 nunc
730 727 775 782 est
796 721 918 800 negotii

743 865 885 919 Enorruu

794 961 872 1034 Quia
893 963 945 1038 pol
966 966 996 1022 te
1018 981 1109 1023 unum
1132 981 1169 1022 ex
1191 965 1328 1024 omnibus

247 1087 285 1130 363
298 1074 399 1133 Venus
423 1093 468 1134 me
484 1074 580 1133 voluit
602 1073 802 1151 magnificare,
826 1091 924 1148 neque
946 1073 978 1133 id
996 1072 1077 1133 haud
1099 1075 1243 1135 immerito
1265 1079 1326 1135 tuo.

253 1208 255 1212 ⁴
297 1187 374 1245 Nam
397 1191 515 1246 ecastor
537 1186 618 1245 solus
640 1187 716 1246 bene
738 1185 824 1245 factis
847 1185 905 1245 tuis
928 1203 974 1245 me
997 1186 1150 1246 florentem
1172 1185 1256 1247 facis.

707 1328 919 1382 Mnunnonuus

298 1424 386 1484 Certo
410 1424 485 1485 haec
509 1426 614 1486 mulier
637 1429 688 1486 aut
710 1426 816 1485 insana
839 1429 890 1485 aut
913 1425 996 1485 ebria
1018 1430 1074 1501 est,
1097 1426 1254 1500 Messenio,

299 1535 383 1608 Quae
406 1536 555 1597 hominem
576 1538 709 1613 ignotum
732 1538 882 1613 conpellet
904 1555 950 1596 me
972 1541 1033 1596 tam
1054 1536 1247 1597 familiariter.

734 1680 890 1733 Mnssuuro

297 1776 389 1836 Dixin
412 1795 467 1853 ego
490 1777 583 1837 istaec
605 1775 654 1836 hic
677 1778 773 1837 solere
795 1775 882 1835 fierit
925 1776 998 1835 folia
1019 1795 1098 1836 nunc
1121 1776 1240 1851 cadunt,

247 1893 285 1934 ³⁷⁰
298 1888 417 1962 Praeut‚
442 1889 466 1947 si
480 1889 610 1948 triduum
625 1887 683 1947 hoc
695 1887 744 1947 hic
760 1888 877 1968 erimus,
900 1892 962 1946 tum
978 1888 1101 1947 arbores
1116 1888 1147 1948 in
1162 1891 1192 1948 te
1208 1888 1324 1948 cadent.

297 1998 375 2057 Nam
396 1999 438 2058 ita
460 2001 529 2058 sunt
550 1998 599 2059 hio
622 1999 806 2059 meretrices:
832 2016 932 2058 omnes
956 1999 1110 2059 elecebrae
1128 2000 1324 2076 argentariae.

298 2108 433 2169 Sedsine
449 2128 495 2169 me
507 2110 577 2169 dum
592 2110 670 2170 hanc
687 2111 876 2186 compellare.
897 2145 930 2153 -
949 2111 1033 2169 Heus
1048 2112 1162 2186 mulier,
1178 2111 1232 2170 tibi
1248 2111 1324 2170 dico.

743 2253 888 2305 Euorruu

1158 2349 1237 2422 Quid
1260 2349 1326 2409 esti

733 2459 889 2510 Musarum
971 2470 972 2475 ¹

246 2578 284 2619 au
297 2565 356 2624 Ubi
378 2569 411 2623 tu
433 2563 513 2624 huno
535 2563 683 2624 hominem
705 2562 833 2623 novisti?

741 2705 882 2758 Enomuu
899 2768 906 2783 .

823 2801 947 2875 Ibidem,
971 2801 1022 2861 ubi
1044 2800 1092 2861 hic
1115 2819 1160 2860 me
1183 2802 1242 2860 iam
1265 2802 1324 2878 diu,

297 2917 333 2975 In
356 2915 534 2992 Epidamno.

734 3012 890 3075 Messenio
1231 3076 1233 3080 ,

527 3122 562 3180 In
585 3120 761 3196 Epidamno,
787 3120 838 3195 qni
859 3118 919 3179 huc
940 3121 971 3179 in
993 3119 1071 3179 hanc
1093 3119 1197 3178 urbem
1219 3119 1326 3195 pedem

247 3247 284 3288 333
298 3233 364 3291 Nisi
385 3230 475 3291 hodie
498 3250 659 3306 numquam
680 3231 757 3291 intro
781 3231 898 3290 tetulit‘l

741 3374 882 3429 unomen

914 3471 1000 3545 Heia,
1025 3470 1260 3544 (1363336333,-

298 3584 339 3642 Mi
360 3582 567 3643 Menaechme:
591 3583 662 3658 quin
688 3584 792 3643 amabo
816 3584 842 3643 is
864 3583 957 3642 intro:
981 3581 1030 3641 hio
1051 3581 1106 3641 tibi
1128 3581 1183 3641 erit
1205 3581 1323 3641 rectius.

368 3841 416 3888 366
437 3840 537 3901 negotii
554 3836 598 3888 ΒΟ
685 3843 734 3888 366
754 3838 821 3889 lacis
839 3841 899 3889 olim
916 3842 1073 3888 correctum:
1090 3833 1174 3887 lacral
1188 3839 1229 3887 cel
1247 3830 1327 3885 latras

301 3968 345 4018 BC
424 3970 472 4015 369
492 3967 591 4031 heroli
673 3925 794 4034 lddtrall
881 3970 925 4016 376
949 3967 988 4016 De
1005 3968 1165 4016 dictinctione
1182 3965 1239 4014 cide
1256 3976 1322 4011 mos.

300 4055 378 4103 Rhea.
395 4056 460 4101 6876
476 4065 504 4113 p.
520 4056 569 4101 676
651 4053 690 4116 Os.
706 4056 804 4104 Paolas
816 4055 939 4103 diaconas
951 4066 985 4102 coc
997 4053 1067 4103 Festo
1081 4066 1108 4114 p.
1125 4055 1155 4101 76
1171 4041 1325 4098 ‘elecebrae

300 4139 477 4200 argentariae,
498 4139 654 4188 meretrices
674 4139 708 4189 ab
727 4139 862 4189 eliciendo
881 4140 992 4200 argento
1011 4131 1116 4188 diotae.³
1188 4137 1236 4182 372
1251 4126 1329 4182 d1cos

300 4222 600 4285 opacdrcoecorr
705 4225 936 4276 375e1th1eC
