<?xml version="1.0" encoding="UTF-8"?>
<!DOCTYPE html PUBLIC "-//W3C//DTD XHTML 1.0 Transitional//EN"
    "http://www.w3.org/TR/xhtml1/DTD/xhtml1-transitional.dtd">
<html xmlns="http://www.w3.org/1999/xhtml" xml:lang="en" lang="en">
 <head>
  <title>
</title>
<meta http-equiv="Content-Type" content="text/html;charset=utf-8" />
  <meta name='ocr-system' content='tesseract 3.04.00' />
  <meta name='ocr-capabilities' content='ocr_page ocr_carea ocr_par ocr_line ocrx_word'/>
</head>
<body>
  <div class='ocr_page' id='page_1' title='image "./tmacciplautimen00plaugoog_0086.png"; bbox 0 0 3000 4846; ppageno 0'>
   <div class='ocr_carea' id='block_1_1' title="bbox 588 345 946 422">
    <p class='ocr_par' dir='ltr' id='par_1_1' title="bbox 588 345 946 422">
     <span class='ocr_line' id='line_1_1' title="bbox 588 345 946 422; baseline -0.006 -4"><span class='ocrx_word' id='word_1_1' title='bbox 588 345 654 420; x_wconf 72' lang='lat' dir='ltr'><strong>Aet.</strong></span> <span class='ocrx_word' id='word_1_2' title='bbox 668 381 687 419; x_wconf 78' lang='lat' dir='ltr'>v</span> <span class='ocrx_word' id='word_1_3' title='bbox 705 363 778 419; x_wconf 77' lang='grc'><strong>005</strong></span> <span class='ocrx_word' id='word_1_4' title='bbox 797 366 831 422; x_wconf 82' lang='lat' dir='ltr'><strong>v.</strong></span> <span class='ocrx_word' id='word_1_5' title='bbox 845 367 946 418; x_wconf 81' lang='lat' dir='ltr'><strong>so-ao</strong></span> 
     </span>
    </p>
   </div>
   <div class='ocr_carea' id='block_1_2' title="bbox 259 539 1101 617">
    <p class='ocr_par' dir='ltr' id='par_1_2' title="bbox 259 539 1101 617">
     <span class='ocr_line' id='line_1_2' title="bbox 259 539 1101 617; baseline -0.002 -17"><span class='ocrx_word' id='word_1_6' title='bbox 259 542 414 601; x_wconf 81' lang='lat' dir='ltr'><strong>Soleamne</strong></span> <span class='ocrx_word' id='word_1_7' title='bbox 438 558 503 600; x_wconf 85' lang='lat' dir='ltr'><strong>esse</strong></span> <span class='ocrx_word' id='word_1_8' title='bbox 526 540 590 600; x_wconf 85' lang='lat' dir='ltr'><strong>avis</strong></span> <span class='ocrx_word' id='word_1_9' title='bbox 613 557 797 617; x_wconf 86' lang='lat' dir='ltr'><strong>squamosas,</strong></span> <span class='ocrx_word' id='word_1_10' title='bbox 820 539 910 615; x_wconf 88' lang='lat' dir='ltr'><strong>piscis</strong></span> <span class='ocrx_word' id='word_1_11' title='bbox 932 539 1101 616; x_wconf 66' lang='lat' dir='ltr'><strong>pennatos?</strong></span> 
     </span>
    </p>
   </div>
   <div class='ocr_carea' id='block_1_3' title="bbox 720 647 1303 796">
    <p class='ocr_par' dir='ltr' id='par_1_3' title="bbox 720 647 1303 796">
     <span class='ocr_line' id='line_1_3' title="bbox 720 647 821 703; baseline -0.04 0"><span class='ocrx_word' id='word_1_12' title='bbox 720 647 821 703; x_wconf 77' lang='lat' dir='ltr'><strong>Sursnx</strong></span> 
     </span>
     <span class='ocr_line' id='line_1_4' title="bbox 1095 721 1303 796; baseline 0 -16"><span class='ocrx_word' id='word_1_13' title='bbox 1095 721 1207 796; x_wconf 91' lang='lat' dir='ltr'><strong>Papae,</strong></span> <span class='ocrx_word' id='word_1_14' title='bbox 1295 748 1303 767; x_wconf 91' lang='lat'><strong>·</strong></span> 
     </span>
    </p>
   </div>
   <div class='ocr_carea' id='block_1_4' title="bbox 207 829 1188 1104">
    <p class='ocr_par' dir='ltr' id='par_1_4' title="bbox 207 829 1188 1104">
     <span class='ocr_line' id='line_1_5' title="bbox 207 829 1188 907; baseline 0.005 -21"><span class='ocrx_word' id='word_1_15' title='bbox 207 845 244 886; x_wconf 80' lang='lat' dir='ltr'><strong>sor</strong></span> <span class='ocrx_word' id='word_1_16' title='bbox 258 833 361 892; x_wconf 84' lang='lat' dir='ltr'><strong>Audin</strong></span> <span class='ocrx_word' id='word_1_17' title='bbox 383 837 424 907; x_wconf 82' lang='lat' dir='ltr'><strong>tu,</strong></span> <span class='ocrx_word' id='word_1_18' title='bbox 448 838 480 891; x_wconf 89' lang='lat' dir='ltr'><strong>ut</strong></span> <span class='ocrx_word' id='word_1_19' title='bbox 503 832 697 892; x_wconf 86' lang='lat' dir='ltr'><strong>deliramenta</strong></span> <span class='ocrx_word' id='word_1_20' title='bbox 719 829 874 906; x_wconf 79' lang='lat' dir='ltr'><strong>loquiturt</strong></span> <span class='ocrx_word' id='word_1_21' title='bbox 897 830 970 907; x_wconf 88' lang='lat' dir='ltr'><strong>quid</strong></span> <span class='ocrx_word' id='word_1_22' title='bbox 992 849 1092 891; x_wconf 87' lang='lat' dir='ltr'><strong>cessas</strong></span> <span class='ocrx_word' id='word_1_23' title='bbox 1116 832 1188 891; x_wconf 89' lang='lat' dir='ltr'><strong>dare</strong></span> 
     </span>
     <span class='ocr_line' id='line_1_6' title="bbox 258 942 1046 1019; baseline -0.001 -17"><span class='ocrx_word' id='word_1_24' title='bbox 258 944 391 1004; x_wconf 81' lang='lat' dir='ltr'><strong>Potionis</strong></span> <span class='ocrx_word' id='word_1_25' title='bbox 415 943 537 1019; x_wconf 84' lang='lat' dir='ltr'><strong>aliquid,</strong></span> <span class='ocrx_word' id='word_1_26' title='bbox 561 943 736 1019; x_wconf 81' lang='lat' dir='ltr'><strong>priusquam</strong></span> <span class='ocrx_word' id='word_1_27' title='bbox 758 942 886 1018; x_wconf 79' lang='lat' dir='ltr'><strong>percipit</strong></span> <span class='ocrx_word' id='word_1_28' title='bbox 908 942 1046 1003; x_wconf 78' lang='lat' dir='ltr'><strong>insaniat</strong></span> 
     </span>
     <span class='ocr_line' id='line_1_7' title="bbox 641 1049 840 1104; baseline 0.01 -2"><span class='ocrx_word' id='word_1_29' title='bbox 641 1063 645 1069; x_wconf 87' lang='lat'><strong>·</strong></span> <span class='ocrx_word' id='word_1_30' title='bbox 701 1049 840 1104; x_wconf 82' lang='lat' dir='ltr'><strong>Mnmcus</strong></span> 
     </span>
    </p>
   </div>
   <div class='ocr_carea' id='block_1_5' title="bbox 258 1147 901 1226">
    <p class='ocr_par' dir='ltr' id='par_1_5' title="bbox 258 1147 901 1226">
     <span class='ocr_line' id='line_1_8' title="bbox 258 1147 901 1226; baseline -0.003 -18"><span class='ocrx_word' id='word_1_31' title='bbox 258 1152 346 1209; x_wconf 88' lang='lat' dir='ltr'><strong>Mane</strong></span> <span class='ocrx_word' id='word_1_32' title='bbox 370 1149 473 1209; x_wconf 86' lang='lat' dir='ltr'><strong>modo:</strong></span> <span class='ocrx_word' id='word_1_33' title='bbox 499 1149 586 1208; x_wconf 86' lang='lat' dir='ltr'><strong>etiam</strong></span> <span class='ocrx_word' id='word_1_34' title='bbox 609 1148 810 1226; x_wconf 87' lang='lat' dir='ltr'><strong>percontabor</strong></span> <span class='ocrx_word' id='word_1_35' title='bbox 834 1147 901 1207; x_wconf 87' lang='lat' dir='ltr'><strong>alia.</strong></span> 
     </span>
    </p>
   </div>
   <div class='ocr_carea' id='block_1_6' title="bbox 722 1256 1197 1388">
    <p class='ocr_par' dir='ltr' id='par_1_6' title="bbox 722 1256 1197 1388">
     <span class='ocr_line' id='line_1_9' title="bbox 722 1256 818 1308; baseline -0.021 0"><span class='ocrx_word' id='word_1_36' title='bbox 722 1256 818 1308; x_wconf 81' lang='lat' dir='ltr'><strong>Snnnx</strong></span> 
     </span>
     <span class='ocr_line' id='line_1_10' title="bbox 906 1325 1197 1388; baseline -0.003 -2"><span class='ocrx_word' id='word_1_37' title='bbox 906 1325 1025 1387; x_wconf 87' lang='lat' dir='ltr'><strong>Occidis</strong></span> <span class='ocrx_word' id='word_1_38' title='bbox 1048 1327 1197 1388; x_wconf 76' lang='lat' dir='ltr'><strong>fabularis.</strong></span> 
     </span>
    </p>
   </div>
   <div class='ocr_carea' id='block_1_7' title="bbox 208 1435 1169 1607">
    <p class='ocr_par' dir='ltr' id='par_1_7' title="bbox 208 1435 1169 1607">
     <span class='ocr_line' id='line_1_11' title="bbox 701 1435 840 1489; baseline 0.014 -2"><span class='ocrx_word' id='word_1_39' title='bbox 701 1435 840 1489; x_wconf 85' lang='lat' dir='ltr'><strong>Mnmcus</strong></span> 
     </span>
     <span class='ocr_line' id='line_1_12' title="bbox 208 1533 1169 1607; baseline 0.003 -18"><span class='ocrx_word' id='word_1_40' title='bbox 208 1549 246 1589; x_wconf 82' lang='lat' dir='ltr'><strong>oio</strong></span> <span class='ocrx_word' id='word_1_41' title='bbox 259 1535 316 1595; x_wconf 92' lang='lat' dir='ltr'><strong>Dic</strong></span> <span class='ocrx_word' id='word_1_42' title='bbox 339 1534 412 1593; x_wconf 87' lang='lat' dir='ltr'><strong>mihi</strong></span> <span class='ocrx_word' id='word_1_43' title='bbox 434 1533 507 1594; x_wconf 88' lang='lat' dir='ltr'><strong>hoc:</strong></span> <span class='ocrx_word' id='word_1_44' title='bbox 533 1534 630 1593; x_wconf 80' lang='lat' dir='ltr'>solent</span> <span class='ocrx_word' id='word_1_45' title='bbox 651 1533 705 1593; x_wconf 85' lang='lat' dir='ltr'><strong>tibi</strong></span> <span class='ocrx_word' id='word_1_46' title='bbox 727 1551 868 1607; x_wconf 87' lang='lat' dir='ltr'><strong>umquam</strong></span> <span class='ocrx_word' id='word_1_47' title='bbox 891 1533 971 1592; x_wconf 90' lang='lat' dir='ltr'><strong>oculi</strong></span> <span class='ocrx_word' id='word_1_48' title='bbox 994 1533 1060 1593; x_wconf 87' lang='lat' dir='ltr'><strong>duri</strong></span> <span class='ocrx_word' id='word_1_49' title='bbox 1082 1533 1169 1593; x_wconf 75' lang='lat' dir='ltr'><strong>fierit</strong></span> 
     </span>
    </p>
   </div>
   <div class='ocr_carea' id='block_1_8' title="bbox 260 1657 1206 1952">
    <p class='ocr_par' dir='ltr' id='par_1_8' title="bbox 260 1657 1206 1952">
     <span class='ocr_line' id='line_1_13' title="bbox 668 1657 882 1712; baseline 0.009 -3"><span class='ocrx_word' id='word_1_50' title='bbox 668 1657 882 1712; x_wconf 74' lang='lat' dir='ltr'><strong>Munnncnmus</strong></span> 
     </span>
     <span class='ocr_line' id='line_1_14' title="bbox 260 1772 1206 1849; baseline -0.003 -15"><span class='ocrx_word' id='word_1_51' title='bbox 260 1774 339 1846; x_wconf 77' lang='lat' dir='ltr'><strong>Quid</strong></span> <span class='ocrx_word' id='word_1_52' title='bbox 360 1778 393 1834; x_wconf 86' lang='lat' dir='ltr'><strong>tu</strong></span> <span class='ocrx_word' id='word_1_53' title='bbox 415 1791 461 1832; x_wconf 92' lang='lat' dir='ltr'><strong>me</strong></span> <span class='ocrx_word' id='word_1_54' title='bbox 484 1774 631 1832; x_wconf 73' lang='lat' dir='ltr'>lucustam</span> <span class='ocrx_word' id='word_1_55' title='bbox 654 1791 758 1833; x_wconf 87' lang='lat' dir='ltr'><strong>censes</strong></span> <span class='ocrx_word' id='word_1_56' title='bbox 781 1791 856 1848; x_wconf 86' lang='lat' dir='ltr'><strong>esse,</strong></span> <span class='ocrx_word' id='word_1_57' title='bbox 879 1772 968 1833; x_wconf 91' lang='lat' dir='ltr'><strong>homo</strong></span> <span class='ocrx_word' id='word_1_58' title='bbox 994 1772 1206 1849; x_wconf 67' lang='lat' dir='ltr'><strong>ignavissimos</strong></span> 
     </span>
     <span class='ocr_line' id='line_1_15' title="bbox 703 1897 841 1952; baseline 0.014 -2"><span class='ocrx_word' id='word_1_59' title='bbox 703 1897 841 1952; x_wconf 81' lang='lat' dir='ltr'><strong>Mnnrcus</strong></span> 
     </span>
    </p>
   </div>
   <div class='ocr_carea' id='block_1_9' title="bbox 259 2012 1287 2406">
    <p class='ocr_par' dir='ltr' id='par_1_9' title="bbox 259 2012 1287 2406">
     <span class='ocr_line' id='line_1_16' title="bbox 259 2012 1287 2089; baseline -0.002 -16"><span class='ocrx_word' id='word_1_60' title='bbox 259 2015 316 2074; x_wconf 89' lang='lat' dir='ltr'><strong>Dic</strong></span> <span class='ocrx_word' id='word_1_61' title='bbox 339 2012 426 2089; x_wconf 85' lang='lat' dir='ltr'><strong>mihi,</strong></span> <span class='ocrx_word' id='word_1_62' title='bbox 450 2030 629 2089; x_wconf 79' lang='lat' dir='ltr'><strong>enumquam</strong></span> <span class='ocrx_word' id='word_1_63' title='bbox 650 2013 792 2072; x_wconf 85' lang='lat' dir='ltr'><strong>intestina</strong></span> <span class='ocrx_word' id='word_1_64' title='bbox 814 2013 869 2072; x_wconf 85' lang='lat' dir='ltr'><strong>tibi</strong></span> <span class='ocrx_word' id='word_1_65' title='bbox 891 2016 1030 2088; x_wconf 85' lang='lat' dir='ltr'><strong>crepant,</strong></span> <span class='ocrx_word' id='word_1_66' title='bbox 1051 2013 1132 2089; x_wconf 88' lang='lat' dir='ltr'><strong>quod</strong></span> <span class='ocrx_word' id='word_1_67' title='bbox 1155 2012 1287 2073; x_wconf 77' lang='lat' dir='ltr'><strong>sentiant</strong></span> 
     </span>
     <span class='ocr_line' id='line_1_17' title="bbox 662 2129 876 2182; baseline 0 0"><span class='ocrx_word' id='word_1_68' title='bbox 662 2129 876 2182; x_wconf 74' lang='lat' dir='ltr'><strong>murmannus</strong></span> 
     </span>
     <span class='ocr_line' id='line_1_18' title="bbox 259 2234 1284 2311; baseline 0 -16"><span class='ocrx_word' id='word_1_69' title='bbox 259 2235 318 2303; x_wconf 84' lang='lat' dir='ltr'><strong>Ubi</strong></span> <span class='ocrx_word' id='word_1_70' title='bbox 333 2240 416 2295; x_wconf 87' lang='lat' dir='ltr'><strong>satur</strong></span> <span class='ocrx_word' id='word_1_71' title='bbox 431 2253 504 2311; x_wconf 82' lang='lat' dir='ltr'><strong>sum,</strong></span> <span class='ocrx_word' id='word_1_72' title='bbox 521 2237 605 2295; x_wconf 92' lang='lat' dir='ltr'><strong>nulla</strong></span> <span class='ocrx_word' id='word_1_73' title='bbox 621 2235 783 2310; x_wconf 72' lang='lat' dir='ltr'><strong>crepitant:</strong></span> <span class='ocrx_word' id='word_1_74' title='bbox 809 2234 928 2310; x_wconf 88' lang='lat' dir='ltr'><strong>quaudo</strong></span> <span class='ocrx_word' id='word_1_75' title='bbox 945 2235 1053 2308; x_wconf 85' lang='lat' dir='ltr'><strong>esurio,</strong></span> <span class='ocrx_word' id='word_1_76' title='bbox 1073 2238 1135 2294; x_wconf 91' lang='lat' dir='ltr'><strong>tum</strong></span> <span class='ocrx_word' id='word_1_77' title='bbox 1151 2240 1284 2311; x_wconf 88' lang='lat' dir='ltr'><strong>crepant.</strong></span> 
     </span>
     <span class='ocr_line' id='line_1_19' title="bbox 704 2349 843 2406; baseline 0.022 -3"><span class='ocrx_word' id='word_1_78' title='bbox 704 2349 843 2406; x_wconf 81' lang='lat' dir='ltr'><strong>Mnnrous</strong></span> 
     </span>
    </p>
   </div>
   <div class='ocr_carea' id='block_1_10' title="bbox 208 2448 1285 2635">
    <p class='ocr_par' dir='ltr' id='par_1_10' title="bbox 208 2448 1285 2635">
     <span class='ocr_line' id='line_1_20' title="bbox 260 2448 1285 2525; baseline -0.002 -16"><span class='ocrx_word' id='word_1_79' title='bbox 260 2451 324 2509; x_wconf 89' lang='lat' dir='ltr'><strong>Hoc</strong></span> <span class='ocrx_word' id='word_1_80' title='bbox 348 2449 468 2525; x_wconf 90' lang='lat' dir='ltr'><strong>quidem</strong></span> <span class='ocrx_word' id='word_1_81' title='bbox 491 2449 599 2524; x_wconf 87' lang='lat' dir='ltr'><strong>edepol</strong></span> <span class='ocrx_word' id='word_1_82' title='bbox 621 2448 682 2508; x_wconf 91' lang='lat' dir='ltr'><strong>hau</strong></span> <span class='ocrx_word' id='word_1_83' title='bbox 704 2466 759 2524; x_wconf 93' lang='lat' dir='ltr'><strong>pro</strong></span> <span class='ocrx_word' id='word_1_84' title='bbox 775 2449 880 2508; x_wconf 85' lang='lat' dir='ltr'><strong>insano</strong></span> <span class='ocrx_word' id='word_1_85' title='bbox 896 2450 1020 2508; x_wconf 89' lang='lat' dir='ltr'><strong>verbum</strong></span> <span class='ocrx_word' id='word_1_86' title='bbox 1034 2448 1189 2524; x_wconf 84' lang='lat' dir='ltr'><strong>respondit</strong></span> <span class='ocrx_word' id='word_1_87' title='bbox 1204 2448 1285 2508; x_wconf 90' lang='lat' dir='ltr'><strong>mihi.</strong></span> 
     </span>
     <span class='ocr_line' id='line_1_21' title="bbox 208 2558 1253 2635; baseline 0.007 -25"><span class='ocrx_word' id='word_1_88' title='bbox 208 2571 247 2612; x_wconf 81' lang='lat' dir='ltr'><strong>ore</strong></span> <span class='ocrx_word' id='word_1_89' title='bbox 260 2561 480 2621; x_wconf 84' lang='lat' dir='ltr'><strong>Perdormisciu</strong></span> <span class='ocrx_word' id='word_1_90' title='bbox 503 2578 599 2635; x_wconf 86' lang='lat' dir='ltr'><strong>usque</strong></span> <span class='ocrx_word' id='word_1_91' title='bbox 623 2560 662 2620; x_wconf 86' lang='lat' dir='ltr'><strong>sd</strong></span> <span class='ocrx_word' id='word_1_92' title='bbox 684 2558 803 2619; x_wconf 78' lang='lat' dir='ltr'><strong>lucemt</strong></span> <span class='ocrx_word' id='word_1_93' title='bbox 825 2560 927 2620; x_wconf 85' lang='lat' dir='ltr'><strong>sacilin</strong></span> <span class='ocrx_word' id='word_1_94' title='bbox 942 2563 975 2619; x_wconf 89' lang='lat' dir='ltr'><strong>tu</strong></span> <span class='ocrx_word' id='word_1_95' title='bbox 991 2560 1101 2619; x_wconf 86' lang='lat' dir='ltr'><strong>dormis</strong></span> <span class='ocrx_word' id='word_1_96' title='bbox 1117 2558 1253 2620; x_wconf 68' lang='lat' dir='ltr'><strong>cubans?</strong></span> 
     </span>
    </p>
   </div>
   <div class='ocr_carea' id='block_1_11' title="bbox 260 2731 464 2738">
    <p class='ocr_par' dir='ltr' id='par_1_11' title="bbox 260 2731 464 2738">
     <span class='ocr_line' id='line_1_22' title="bbox 260 2731 464 2738; baseline 0.005 -1"><span class='ocrx_word' id='word_1_97' title='bbox 260 2731 464 2738; x_wconf 69' lang='lat' dir='ltr'><strong>a—--—--.</strong></span> 
     </span>
    </p>
   </div>
   <div class='ocr_carea' id='block_1_12' title="bbox 154 2825 1290 3669">
    <p class='ocr_par' dir='ltr' id='par_1_12' title="bbox 154 2825 1290 3669">
     <span class='ocr_line' id='line_1_23' title="bbox 260 2825 1289 2898; baseline 0.006 -18"><span class='ocrx_word' id='word_1_98' title='bbox 260 2825 442 2894; x_wconf 73' lang='lat' dir='ltr'><strong>supplementis</strong></span> <span class='ocrx_word' id='word_1_99' title='bbox 459 2846 539 2882; x_wconf 87' lang='lat' dir='ltr'><strong>causa</strong></span> <span class='ocrx_word' id='word_1_100' title='bbox 557 2833 669 2895; x_wconf 65' lang='lat' dir='ltr'><strong>descetus</strong></span> <span class='ocrx_word' id='word_1_101' title='bbox 686 2836 824 2895; x_wconf 85' lang='lat' dir='ltr'><strong>repetitum</strong></span> <span class='ocrx_word' id='word_1_102' title='bbox 838 2834 905 2898; x_wconf 89' lang='lat' dir='ltr'><strong>quin</strong></span> <span class='ocrx_word' id='word_1_103' title='bbox 923 2836 1072 2896; x_wconf 82' lang='lat' dir='ltr'><strong>apnoseitur</strong></span> <span class='ocrx_word' id='word_1_104' title='bbox 1089 2834 1129 2896; x_wconf 75' lang='lat' dir='ltr'><strong>tes.</strong></span> <span class='ocrx_word' id='word_1_105' title='bbox 1144 2835 1178 2883; x_wconf 81' lang='lat' dir='ltr'><strong>aa</strong></span> <span class='ocrx_word' id='word_1_106' title='bbox 1189 2848 1214 2884; x_wconf 90' lang='lat' dir='ltr'><strong>a.</strong></span> <span class='ocrx_word' id='word_1_107' title='bbox 1229 2837 1289 2886; x_wconf 78' lang='grc'>900.</span> 
     </span>
     <span class='ocr_line' id='line_1_24' title="bbox 261 2917 1289 2982; baseline 0.003 -16"><span class='ocrx_word' id='word_1_108' title='bbox 261 2917 330 2979; x_wconf 83' lang='grc'>805).</span> <span class='ocrx_word' id='word_1_109' title='bbox 362 2917 479 2968; x_wconf 84' lang='lat' dir='ltr'><strong>Ceterum</strong></span> <span class='ocrx_word' id='word_1_110' title='bbox 496 2932 528 2968; x_wconf 92' lang='lat' dir='ltr'><strong>ne</strong></span> <span class='ocrx_word' id='word_1_111' title='bbox 545 2921 652 2968; x_wconf 85' lang='lat' dir='ltr'><strong>nimiam</strong></span> <span class='ocrx_word' id='word_1_112' title='bbox 669 2920 707 2968; x_wconf 88' lang='lat' dir='ltr'><strong>itti</strong></span> <span class='ocrx_word' id='word_1_113' title='bbox 724 2922 837 2970; x_wconf 86' lang='lat' dir='ltr'><strong>notaturi</strong></span> <span class='ocrx_word' id='word_1_114' title='bbox 858 2922 1049 2970; x_wconf 79' lang='lat' dir='ltr'><strong>accurationem</strong></span> <span class='ocrx_word' id='word_1_115' title='bbox 1064 2921 1208 2970; x_wconf 84' lang='lat' dir='ltr'><strong>tribuamus</strong></span> <span class='ocrx_word' id='word_1_116' title='bbox 1224 2933 1289 2982; x_wconf 89' lang='lat' dir='ltr'><strong>pro-</strong></span> 
     </span>
     <span class='ocr_line' id='line_1_25' title="bbox 260 3001 1288 3069; baseline 0.003 -17"><span class='ocrx_word' id='word_1_117' title='bbox 260 3004 344 3053; x_wconf 89' lang='lat' dir='ltr'><strong>bibent</strong></span> <span class='ocrx_word' id='word_1_118' title='bbox 362 3016 427 3064; x_wconf 85' lang='lat' dir='ltr'><strong>puae</strong></span> <span class='ocrx_word' id='word_1_119' title='bbox 445 3005 478 3053; x_wconf 82' lang='lat' dir='ltr'><strong>ab</strong></span> <span class='ocrx_word' id='word_1_120' title='bbox 490 3007 549 3053; x_wconf 89' lang='grc'>900.</span> <span class='ocrx_word' id='word_1_121' title='bbox 562 3007 607 3052; x_wconf 87' lang='grc'><strong>900</strong></span> <span class='ocrx_word' id='word_1_122' title='bbox 630 3006 761 3066; x_wconf 72' lang='lat' dir='ltr'><strong>obsmiptu</strong></span> <span class='ocrx_word' id='word_1_123' title='bbox 778 3006 873 3054; x_wconf 83' lang='lat' dir='ltr'><strong>similia</strong></span> <span class='ocrx_word' id='word_1_124' title='bbox 890 3010 951 3055; x_wconf 91' lang='lat' dir='ltr'><strong>sunt</strong></span> <span class='ocrx_word' id='word_1_125' title='bbox 1075 3009 1125 3054; x_wconf 84' lang='lat'><strong>906</strong></span> <span class='ocrx_word' id='word_1_126' title='bbox 1144 3001 1205 3055; x_wconf 87' lang='lat' dir='ltr'><strong>aurs</strong></span> <span class='ocrx_word' id='word_1_127' title='bbox 1219 3019 1288 3069; x_wconf 84' lang='lat' dir='ltr'><strong>qna·</strong></span> 
     </span>
     <span class='ocr_line' id='line_1_26' title="bbox 154 3082 1290 3162; baseline 0.003 -25"><span class='ocrx_word' id='word_1_128' title='bbox 154 3147 165 3162; x_wconf 40' lang='lat' dir='ltr'><em>f</em></span> <span class='ocrx_word' id='word_1_129' title='bbox 260 3082 349 3138; x_wconf 90' lang='lat' dir='ltr'><strong>mosas</strong></span> <span class='ocrx_word' id='word_1_130' title='bbox 361 3087 381 3138; x_wconf 83' lang='lat' dir='ltr'><strong><em>C</em></strong></span> <span class='ocrx_word' id='word_1_131' title='bbox 398 3082 459 3138; x_wconf 86' lang='lat' dir='ltr'><strong>aurs</strong></span> <span class='ocrx_word' id='word_1_132' title='bbox 474 3104 556 3153; x_wconf 84' lang='lat' dir='ltr'><strong>quam</strong></span> <span class='ocrx_word' id='word_1_133' title='bbox 575 3083 645 3140; x_wconf 86' lang='lat' dir='ltr'><strong>ossas</strong></span> <span class='ocrx_word' id='word_1_134' title='bbox 656 3089 687 3149; x_wconf 90' lang='lat' dir='ltr'><strong>B,</strong></span> <span class='ocrx_word' id='word_1_135' title='bbox 701 3090 761 3138; x_wconf 83' lang='lat' dir='ltr'><strong>otior</strong></span> <span class='ocrx_word' id='word_1_136' title='bbox 779 3095 922 3139; x_wconf 84' lang='lat' dir='ltr'><strong>correctum</strong></span> <span class='ocrx_word' id='word_1_137' title='bbox 1056 3094 1104 3138; x_wconf 88' lang='grc'><strong>907</strong></span> <span class='ocrx_word' id='word_1_138' title='bbox 1124 3090 1226 3140; x_wconf 83' lang='lat' dir='ltr'><strong>Audrtu</strong></span> <span class='ocrx_word' id='word_1_139' title='bbox 1244 3090 1290 3140; x_wconf 87' lang='lat' dir='ltr'><strong>BC</strong></span> 
     </span>
     <span class='ocr_line' id='line_1_27' title="bbox 259 3170 1289 3234; baseline 0.001 -11"><span class='ocrx_word' id='word_1_140' title='bbox 259 3173 349 3223; x_wconf 77' lang='lat' dir='ltr'><strong>Audin</strong></span> <span class='ocrx_word' id='word_1_141' title='bbox 362 3175 392 3223; x_wconf 88' lang='lat' dir='ltr'><strong>tu</strong></span> <span class='ocrx_word' id='word_1_142' title='bbox 405 3174 427 3223; x_wconf 91' lang='lat' dir='ltr'><em>B</em></span> <span class='ocrx_word' id='word_1_143' title='bbox 439 3187 498 3223; x_wconf 83' lang='lat' dir='ltr'><strong>corr</strong></span> <span class='ocrx_word' id='word_1_144' title='bbox 601 3178 649 3223; x_wconf 90' lang='grc'><strong>909</strong></span> <span class='ocrx_word' id='word_1_145' title='bbox 670 3170 775 3223; x_wconf 78' lang='lat' dir='ltr'><strong>occidis</strong></span> <span class='ocrx_word' id='word_1_146' title='bbox 790 3174 912 3225; x_wconf 84' lang='lat' dir='ltr'><strong>fabulam</strong></span> <span class='ocrx_word' id='word_1_147' title='bbox 926 3175 948 3224; x_wconf 98' lang='grc' dir='ltr'><em>Β</em></span> <span class='ocrx_word' id='word_1_148' title='bbox 966 3170 1071 3225; x_wconf 79' lang='lat' dir='ltr'><strong>occidus</strong></span> <span class='ocrx_word' id='word_1_149' title='bbox 1085 3175 1168 3225; x_wconf 86' lang='lat' dir='ltr'><strong>salam</strong></span> <span class='ocrx_word' id='word_1_150' title='bbox 1185 3174 1212 3234; x_wconf 81' lang='lat'><strong>0,</strong></span> <span class='ocrx_word' id='word_1_151' title='bbox 1229 3187 1289 3224; x_wconf 86' lang='lat' dir='ltr'><strong>cor-</strong></span> 
     </span>
     <span class='ocr_line' id='line_1_28' title="bbox 259 3260 1157 3321; baseline 0.003 -13"><span class='ocrx_word' id='word_1_152' title='bbox 259 3262 344 3319; x_wconf 73' lang='lat' dir='ltr'><strong>rexit,</strong></span> <span class='ocrx_word' id='word_1_153' title='bbox 365 3260 442 3309; x_wconf 87' lang='lat' dir='ltr'><strong>simut</strong></span> <span class='ocrx_word' id='word_1_154' title='bbox 458 3272 631 3320; x_wconf 85' lang='lat' dir='ltr'><strong>personarum</strong></span> <span class='ocrx_word' id='word_1_155' title='bbox 648 3260 850 3309; x_wconf 75' lang='lat' dir='ltr'><strong>distributionem</strong></span> <span class='ocrx_word' id='word_1_156' title='bbox 868 3262 1006 3321; x_wconf 85' lang='lat' dir='ltr'><strong>ordinans,</strong></span> <span class='ocrx_word' id='word_1_157' title='bbox 1025 3261 1157 3311; x_wconf 79' lang='lat' dir='ltr'><strong>Acidalius</strong></span> 
     </span>
     <span class='ocr_line' id='line_1_29' title="bbox 261 3345 1288 3410; baseline 0.005 -18"><span class='ocrx_word' id='word_1_158' title='bbox 261 3347 318 3394; x_wconf 89' lang='grc'>900.</span> <span class='ocrx_word' id='word_1_159' title='bbox 332 3348 377 3393; x_wconf 87' lang='grc'><strong>900</strong></span> <span class='ocrx_word' id='word_1_160' title='bbox 401 3345 457 3394; x_wconf 86' lang='lat' dir='ltr'><strong>Huc</strong></span> <span class='ocrx_word' id='word_1_161' title='bbox 474 3351 590 3408; x_wconf 87' lang='lat' dir='ltr'><strong>spectant</strong></span> <span class='ocrx_word' id='word_1_162' title='bbox 607 3358 673 3406; x_wconf 81' lang='lat' dir='ltr'><strong>puae</strong></span> <span class='ocrx_word' id='word_1_163' title='bbox 693 3345 855 3394; x_wconf 83' lang='lat' dir='ltr'><strong>Curcuticnis</strong></span> <span class='ocrx_word' id='word_1_164' title='bbox 872 3347 989 3395; x_wconf 85' lang='lat' dir='ltr'><strong>versibus</strong></span> <span class='ocrx_word' id='word_1_165' title='bbox 1006 3350 1032 3406; x_wconf 77' lang='lat'><strong>2,</strong></span> <span class='ocrx_word' id='word_1_166' title='bbox 1047 3350 1072 3406; x_wconf 94' lang='grc'><strong>0,</strong></span> <span class='ocrx_word' id='word_1_167' title='bbox 1087 3350 1137 3396; x_wconf 87' lang='grc'><strong>7.8</strong></span> <span class='ocrx_word' id='word_1_168' title='bbox 1157 3349 1288 3410; x_wconf 80' lang='lat' dir='ltr'><strong>adscripta</strong></span> 
     </span>
     <span class='ocr_line' id='line_1_30' title="bbox 260 3425 1288 3494; baseline 0.004 -16"><span class='ocrx_word' id='word_1_169' title='bbox 260 3432 360 3479; x_wconf 85' lang='lat' dir='ltr'><strong>suntin</strong></span> <span class='ocrx_word' id='word_1_170' title='bbox 372 3430 394 3479; x_wconf 98' lang='grc' dir='ltr'><em>Β</em></span> <span class='ocrx_word' id='word_1_171' title='bbox 405 3443 477 3493; x_wconf 80' lang='lat' dir='ltr'><strong>carp:</strong></span> <span class='ocrx_word' id='word_1_172' title='bbox 499 3425 584 3481; x_wconf 81' lang='lat' dir='ltr'><strong>solent</strong></span> <span class='ocrx_word' id='word_1_173' title='bbox 602 3431 653 3480; x_wconf 87' lang='lat' dir='ltr'><strong>tihi</strong></span> <span class='ocrx_word' id='word_1_174' title='bbox 672 3429 745 3479; x_wconf 90' lang='lat' dir='ltr'><strong>oculi</strong></span> <span class='ocrx_word' id='word_1_175' title='bbox 765 3430 827 3480; x_wconf 88' lang='lat' dir='ltr'><strong>duri</strong></span> <span class='ocrx_word' id='word_1_176' title='bbox 845 3430 904 3480; x_wconf 85' lang='lat' dir='ltr'><strong>fieri</strong></span> <span class='ocrx_word' id='word_1_177' title='bbox 916 3429 927 3494; x_wconf 78' lang='grc'><strong>11</strong></span> <span class='ocrx_word' id='word_1_178' title='bbox 940 3427 1065 3482; x_wconf 86' lang='lat' dir='ltr'><strong>censesne</strong></span> <span class='ocrx_word' id='word_1_179' title='bbox 1084 3426 1215 3482; x_wconf 80' lang='lat' dir='ltr'><strong>locustam</strong></span> <span class='ocrx_word' id='word_1_180' title='bbox 1229 3445 1288 3482; x_wconf 91' lang='lat' dir='ltr'><strong>esse</strong></span> 
     </span>
     <span class='ocr_line' id='line_1_31' title="bbox 371 3508 1289 3580; baseline 0.002 -16"><span class='ocrx_word' id='word_1_181' title='bbox 371 3519 421 3565; x_wconf 75' lang='grc'><strong>909</strong></span> <span class='ocrx_word' id='word_1_182' title='bbox 441 3517 541 3567; x_wconf 88' lang='lat' dir='ltr'><strong>Nonius</strong></span> <span class='ocrx_word' id='word_1_183' title='bbox 556 3530 583 3578; x_wconf 88' lang='lat' dir='ltr'><strong>p.</strong></span> <span class='ocrx_word' id='word_1_184' title='bbox 596 3520 656 3576; x_wconf 74' lang='lat'><strong>255,</strong></span> <span class='ocrx_word' id='word_1_185' title='bbox 671 3520 685 3565; x_wconf 85' lang='lat'><strong>6</strong></span> <span class='ocrx_word' id='word_1_186' title='bbox 706 3508 831 3580; x_wconf 84' lang='lat' dir='ltr'><strong>‘crepare</strong></span> <span class='ocrx_word' id='word_1_187' title='bbox 854 3519 895 3566; x_wconf 89' lang='lat' dir='ltr'><strong>est</strong></span> <span class='ocrx_word' id='word_1_188' title='bbox 912 3530 1019 3568; x_wconf 87' lang='lat' dir='ltr'><strong>sonare.</strong></span> <span class='ocrx_word' id='word_1_189' title='bbox 1037 3518 1074 3568; x_wconf 89' lang='lat' dir='ltr'><strong>Pl.</strong></span> <span class='ocrx_word' id='word_1_190' title='bbox 1092 3519 1120 3566; x_wconf 89' lang='lat' dir='ltr'><strong>in</strong></span> <span class='ocrx_word' id='word_1_191' title='bbox 1139 3518 1207 3570; x_wconf 87' lang='lat' dir='ltr'><strong>Men.</strong></span> <span class='ocrx_word' id='word_1_192' title='bbox 1220 3516 1289 3567; x_wconf 75' lang='lat' dir='ltr'><strong>“dic</strong></span> 
     </span>
     <span class='ocr_line' id='line_1_32' title="bbox 259 3597 1289 3669; baseline 0.003 -20"><span class='ocrx_word' id='word_1_193' title='bbox 259 3602 320 3651; x_wconf 86' lang='lat' dir='ltr'><strong>mibi</strong></span> <span class='ocrx_word' id='word_1_194' title='bbox 339 3615 494 3663; x_wconf 78' lang='lat' dir='ltr'><strong>enumquam</strong></span> <span class='ocrx_word' id='word_1_195' title='bbox 511 3605 632 3652; x_wconf 87' lang='lat' dir='ltr'><strong>intestina</strong></span> <span class='ocrx_word' id='word_1_196' title='bbox 650 3607 756 3664; x_wconf 87' lang='lat' dir='ltr'><strong>crepant</strong></span> <span class='ocrx_word' id='word_1_197' title='bbox 776 3603 851 3666; x_wconf 90' lang='lat' dir='ltr'><strong>quod</strong></span> <span class='ocrx_word' id='word_1_198' title='bbox 864 3639 871 3653; x_wconf 92' lang='lat'><strong>.</strong></span> <span class='ocrx_word' id='word_1_199' title='bbox 886 3609 985 3653; x_wconf 87' lang='lat' dir='ltr'><strong>..tunc</strong></span> <span class='ocrx_word' id='word_1_200' title='bbox 1007 3597 1154 3669; x_wconf 83' lang='lat' dir='ltr'><strong>crepant”.&#39;</strong></span> <span class='ocrx_word' id='word_1_201' title='bbox 1244 3616 1289 3652; x_wconf 92' lang='lat' dir='ltr'><strong>me</strong></span> 
     </span>
    </p>
   </div>
   <div class='ocr_carea' id='block_1_13' title="bbox 260 3687 1290 3787">
    <p class='ocr_par' dir='ltr' id='par_1_13' title="bbox 260 3687 1290 3787">
     <span class='ocr_line' id='line_1_33' title="bbox 260 3687 1290 3787; baseline 0.004 -51"><span class='ocrx_word' id='word_1_202' title='bbox 260 3687 316 3787; x_wconf 50' lang='lat' dir='ltr'><strong>ine(l</strong></span> <span class='ocrx_word' id='word_1_203' title='bbox 322 3701 473 3751; x_wconf 87' lang='lat' dir='ltr'><strong>numquam</strong></span> <span class='ocrx_word' id='word_1_204' title='bbox 486 3688 507 3737; x_wconf 94' lang='grc' dir='ltr'><em>Β</em></span> <span class='ocrx_word' id='word_1_205' title='bbox 518 3701 561 3750; x_wconf 87' lang='lat' dir='ltr'><strong>pr,</strong></span> <span class='ocrx_word' id='word_1_206' title='bbox 579 3687 597 3737; x_wconf 80' lang='lat' dir='ltr'><em>C</em></span> <span class='ocrx_word' id='word_1_207' title='bbox 615 3689 682 3737; x_wconf 87' lang='lat' dir='ltr'><strong>mrhr</strong></span> <span class='ocrx_word' id='word_1_208' title='bbox 701 3700 735 3737; x_wconf 88' lang='lat' dir='ltr'><strong>an</strong></span> <span class='ocrx_word' id='word_1_209' title='bbox 753 3702 886 3752; x_wconf 85' lang='lat' dir='ltr'><strong>umquam</strong></span> <span class='ocrx_word' id='word_1_210' title='bbox 899 3690 920 3739; x_wconf 94' lang='grc' dir='ltr'><em>Β</em></span> <span class='ocrx_word' id='word_1_211' title='bbox 933 3703 992 3740; x_wconf 91' lang='lat' dir='ltr'><strong>corr</strong></span> <span class='ocrx_word' id='word_1_212' title='bbox 1076 3691 1125 3738; x_wconf 85' lang='grc'><strong>900</strong></span> <span class='ocrx_word' id='word_1_213' title='bbox 1139 3691 1193 3739; x_wconf 84' lang='lat' dir='ltr'><strong>heu</strong></span> <span class='ocrx_word' id='word_1_214' title='bbox 1204 3701 1254 3753; x_wconf 90' lang='lat' dir='ltr'><strong>pro</strong></span> <span class='ocrx_word' id='word_1_215' title='bbox 1271 3688 1290 3740; x_wconf 84' lang='lat' dir='ltr'><strong><em>C</em></strong></span> 
     </span>
    </p>
   </div>
   <div class='ocr_carea' id='block_1_14' title="bbox 173 3795 1387 4291">
    <p class='ocr_par' dir='ltr' id='par_1_14' title="bbox 260 3795 1289 3948">
     <span class='ocr_line' id='line_1_34' title="bbox 260 3795 1288 3864; baseline 0.003 -17"><span class='ocrx_word' id='word_1_216' title='bbox 260 3799 400 3863; x_wconf 85' lang='lat' dir='ltr'><strong>hauproB</strong></span> <span class='ocrx_word' id='word_1_217' title='bbox 503 3803 551 3848; x_wconf 83' lang='grc'><strong>905</strong></span> <span class='ocrx_word' id='word_1_218' title='bbox 571 3795 771 3856; x_wconf 78' lang='lat' dir='ltr'><strong>perdormiscin</strong></span> <span class='ocrx_word' id='word_1_219' title='bbox 788 3795 875 3863; x_wconf 89' lang='lat' dir='ltr'><strong>usque</strong></span> <span class='ocrx_word' id='word_1_220' title='bbox 893 3803 932 3852; x_wconf 82' lang='lat' dir='ltr'><strong>eet.</strong></span> <span class='ocrx_word' id='word_1_221' title='bbox 950 3815 1008 3864; x_wconf 75' lang='lat' dir='ltr'><strong>pn:</strong></span> <span class='ocrx_word' id='word_1_222' title='bbox 1027 3795 1288 3851; x_wconf 85' lang='lat' dir='ltr'><strong>Perdormrscanrus-</strong></span> 
     </span>
     <span class='ocr_line' id='line_1_35' title="bbox 261 3882 1289 3948; baseline 0.003 -15"><span class='ocrx_word' id='word_1_223' title='bbox 261 3897 314 3946; x_wconf 90' lang='lat' dir='ltr'><strong>que</strong></span> <span class='ocrx_word' id='word_1_224' title='bbox 327 3885 372 3936; x_wconf 85' lang='lat' dir='ltr'><strong>BG</strong></span> <span class='ocrx_word' id='word_1_225' title='bbox 464 3884 569 3935; x_wconf 88' lang='lat' dir='ltr'><strong>cubans</strong></span> <span class='ocrx_word' id='word_1_226' title='bbox 588 3885 738 3948; x_wconf 82' lang='lat' dir='ltr'><strong>Scioppius:</strong></span> <span class='ocrx_word' id='word_1_227' title='bbox 760 3882 861 3936; x_wconf 90' lang='lat' dir='ltr'><strong>curans</strong></span> <span class='ocrx_word' id='word_1_228' title='bbox 950 3888 1126 3937; x_wconf 79' lang='lat' dir='ltr'><strong>Personarum</strong></span> <span class='ocrx_word' id='word_1_229' title='bbox 1144 3887 1289 3936; x_wconf 81' lang='lat' dir='ltr'><strong>distributio</strong></span> 
     </span>
    </p>

    <p class='ocr_par' dir='ltr' id='par_1_15' title="bbox 173 3970 1387 4291">
     <span class='ocr_line' id='line_1_36' title="bbox 173 3970 1387 4032; baseline 0.002 -14"><span class='ocrx_word' id='word_1_230' title='bbox 173 4025 177 4032; x_wconf 96' lang='lat'><em>.</em></span> <span class='ocrx_word' id='word_1_231' title='bbox 260 3970 322 4019; x_wconf 87' lang='lat' dir='ltr'><strong>baec</strong></span> <span class='ocrx_word' id='word_1_232' title='bbox 340 3975 378 4021; x_wconf 88' lang='lat' dir='ltr'><strong>est</strong></span> <span class='ocrx_word' id='word_1_233' title='bbox 391 3973 419 4021; x_wconf 90' lang='lat' dir='ltr'><strong>in</strong></span> <span class='ocrx_word' id='word_1_234' title='bbox 434 3971 470 4020; x_wconf 90' lang='grc' dir='ltr'><strong>Β,·</strong></span> <span class='ocrx_word' id='word_1_235' title='bbox 491 3975 539 4020; x_wconf 78' lang='lat' dir='ltr'><strong>sis</strong></span> <span class='ocrx_word' id='word_1_236' title='bbox 554 3971 623 4022; x_wconf 78' lang='lat' dir='ltr'><strong>Mun.</strong></span> <span class='ocrx_word' id='word_1_237' title='bbox 636 3972 781 4022; x_wconf 89' lang='lat' dir='ltr'><strong>Facilin—</strong></span> <span class='ocrx_word' id='word_1_238' title='bbox 791 3976 840 4021; x_wconf 87' lang='grc'><strong>906</strong></span> <span class='ocrx_word' id='word_1_239' title='bbox 855 3973 1288 4023; x_wconf 76' lang='lat' dir='ltr'><strong>ManPerdormisco—stiMnn.</strong></span> <span class='ocrx_word' id='word_1_240' title='bbox 1384 4002 1387 4008; x_wconf 84' lang='lat'><strong>·</strong></span> 
     </span>
     <span class='ocr_line' id='line_1_37' title="bbox 261 4055 1290 4120; baseline 0.002 -16"><span class='ocrx_word' id='word_1_241' title='bbox 261 4055 311 4114; x_wconf 88' lang='lat' dir='ltr'><strong>Qui</strong></span> <span class='ocrx_word' id='word_1_242' title='bbox 333 4058 359 4105; x_wconf 86' lang='lat' dir='ltr'><strong>te</strong></span> <span class='ocrx_word' id='word_1_243' title='bbox 379 4073 433 4102; x_wconf 86' lang='lat'><strong>-.·</strong></span> <span class='ocrx_word' id='word_1_244' title='bbox 465 4070 497 4106; x_wconf 87' lang='lat' dir='ltr'><strong>ne</strong></span> <span class='ocrx_word' id='word_1_245' title='bbox 520 4059 577 4117; x_wconf 83' lang='lat' dir='ltr'><strong>puis</strong></span> <span class='ocrx_word' id='word_1_246' title='bbox 601 4058 647 4106; x_wconf 88' lang='lat' dir='ltr'><strong>boe</strong></span> <span class='ocrx_word' id='word_1_247' title='bbox 663 4060 758 4108; x_wconf 69' lang='lat' dir='ltr'><strong>indiae</strong></span> <span class='ocrx_word' id='word_1_248' title='bbox 777 4059 900 4109; x_wconf 83' lang='lat' dir='ltr'><strong>abutatur</strong></span> <span class='ocrx_word' id='word_1_249' title='bbox 924 4060 958 4107; x_wconf 82' lang='lat' dir='ltr'><strong>ab</strong></span> <span class='ocrx_word' id='word_1_250' title='bbox 976 4059 1140 4120; x_wconf 77' lang='lat' dir='ltr'><strong>probandum</strong></span> <span class='ocrx_word' id='word_1_251' title='bbox 1164 4058 1290 4120; x_wconf 74' lang='lat' dir='ltr'><strong>detectura</strong></span> 
     </span>
     <span class='ocr_line' id='line_1_38' title="bbox 260 4143 1289 4205; baseline 0.001 -14"><span class='ocrx_word' id='word_1_252' title='bbox 260 4144 304 4201; x_wconf 84' lang='lat' dir='ltr'><strong>pai</strong></span> <span class='ocrx_word' id='word_1_253' title='bbox 320 4144 456 4193; x_wconf 82' lang='lat' dir='ltr'><strong>videbatur</strong></span> <span class='ocrx_word' id='word_1_254' title='bbox 469 4143 603 4192; x_wconf 77' lang='lat' dir='ltr'><strong>Bitsctetio</strong></span> <span class='ocrx_word' id='word_1_255' title='bbox 624 4149 684 4193; x_wconf 86' lang='lat' dir='ltr'><strong>ante</strong></span> <span class='ocrx_word' id='word_1_256' title='bbox 697 4147 756 4204; x_wconf 82' lang='grc'>907,</span> <span class='ocrx_word' id='word_1_257' title='bbox 775 4157 851 4204; x_wconf 80' lang='lat' dir='ltr'><strong>quern</strong></span> <span class='ocrx_word' id='word_1_258' title='bbox 867 4145 968 4194; x_wconf 82' lang='lat' dir='ltr'><strong>uultrun</strong></span> <span class='ocrx_word' id='word_1_259' title='bbox 982 4148 1063 4205; x_wconf 88' lang='lat' dir='ltr'><strong>puto;</strong></span> <span class='ocrx_word' id='word_1_260' title='bbox 1080 4145 1189 4193; x_wconf 81' lang='lat' dir='ltr'><strong>ridicule</strong></span> <span class='ocrx_word' id='word_1_261' title='bbox 1206 4147 1289 4194; x_wconf 86' lang='lat' dir='ltr'><strong>inter-</strong></span> 
     </span>
     <span class='ocr_line' id='line_1_39' title="bbox 260 4229 1289 4291; baseline 0.004 -17"><span class='ocrx_word' id='word_1_262' title='bbox 260 4231 364 4290; x_wconf 82' lang='lat' dir='ltr'><strong>ropanti</strong></span> <span class='ocrx_word' id='word_1_263' title='bbox 385 4229 481 4278; x_wconf 82' lang='lat' dir='ltr'><strong>medico</strong></span> <span class='ocrx_word' id='word_1_264' title='bbox 499 4229 680 4278; x_wconf 78' lang='lat' dir='ltr'><strong>Menaechmus</strong></span> <span class='ocrx_word' id='word_1_265' title='bbox 703 4230 812 4279; x_wconf 81' lang='lat' dir='ltr'><strong>ridicule</strong></span> <span class='ocrx_word' id='word_1_266' title='bbox 834 4231 971 4291; x_wconf 81' lang='lat' dir='ltr'><strong>respondet</strong></span> <span class='ocrx_word' id='word_1_267' title='bbox 993 4230 1081 4279; x_wconf 80' lang='lat' dir='ltr'><strong>abdita</strong></span> <span class='ocrx_word' id='word_1_268' title='bbox 1100 4233 1289 4290; x_wconf 73' lang='lat' dir='ltr'><strong>percontaturus</strong></span> 
     </span>
    </p>
   </div>
   <div class='ocr_carea' id='block_1_15' title="bbox 0 0 1504 4846">
    <p class='ocr_par' dir='ltr' id='par_1_16' title="bbox 0 0 1504 4846">
     <span class='ocr_line' id='line_1_40' title="bbox 0 0 1504 4846; baseline 0 0"><span class='ocrx_word' id='word_1_269' title='bbox 0 0 1504 4846; x_wconf 95' lang='lat' dir='ltr'><strong> </strong></span> 
     </span>
    </p>
   </div>
  </div>
 </body>
</html>
