3000 4846
522 333 872 404 Acevs0.a,v.1o†21
959 325 960 328 ‘

542 507 757 563 naumcnnus
774 509 860 563 Erro.

186 605 303 666 Siculus
326 623 390 665 sum
412 605 628 683 Syracusanus.

549 722 764 777 narmoniae
782 721 851 778 Sra.

617 830 730 889 Eadem
752 831 825 890 urba
847 834 876 889 ei
897 829 995 907 patria
1017 835 1063 890 osi
1084 828 1164 890 mihi.

538 946 753 999 Mnunncnnus
771 944 858 1000 Erro.

121 1066 171 1108 rosa
185 1051 264 1124 Quid
287 1071 340 1129 ego
364 1057 452 1112 exte
476 1051 586 1112 audio‘i

190 1148 195 1150 ’
446 1165 448 1170 '
547 1169 763 1224 Mnunnonnus
780 1167 851 1226 Srn.

473 1271 541 1336 Ηθθ
564 1275 644 1351 quod
666 1293 715 1336 ros
737 1281 791 1336 est.

618 1392 774 1446 Mnssuuro

578 1499 656 1559 Novi
678 1499 817 1574 equidem
839 1497 934 1558 huno:
959 1518 1028 1560 erus
1051 1506 1096 1561 est
1117 1518 1210 1562 meus.

183 1609 247 1685 Ego
272 1610 392 1683 quidem
414 1609 502 1669 huius
515 1609 627 1670 'servos
649 1628 724 1686 sum,
748 1611 801 1670 sod
824 1628 870 1670 me
893 1627 958 1670 esse
976 1609 1064 1671 huius
1087 1613 1210 1673 credidi.

120 1727 170 1768 0000
183 1720 247 1797 Ego
270 1701 350 1781 huno
374 1723 532 1782 oensebam
553 1727 584 1782 te
607 1740 685 1782 esse:
711 1720 780 1782 haio
804 1723 892 1782 etiam
915 1722 1037 1783 exhibui
1051 1724 1210 1800 negotium.

184 1830 301 1903 Quaeso
323 1833 476 1909 ignoscas,
507 1835 532 1894 si
555 1835 628 1909 quid
651 1835 740 1895 stulte
763 1834 826 1894 dixi
847 1839 938 1910 atque
959 1835 1124 1912 inprudens
1146 1835 1209 1895 tibi.

549 1951 765 2006 Mnunnonuus
784 1951 852 2004 Sur.

181 2054 319 2115 Delirare
342 2055 413 2115 mihi
435 2056 550 2121 videre:
576 2075 636 2116 non
659 2057 881 2117 commeministi
903 2059 997 2117 semul

182 2165 226 2225 Te
248 2165 337 2227 hodie
359 2186 474 2228 meeum
497 2168 577 2227 exire
602 2186 639 2228 ex
661 2167 753 2235 navi?

620 2285 775 2339 Misenum

735 2391 893 2451 Enimvero
917 2409 1043 2466 aequom
1065 2393 1210 2467 postulas.

118 2511 169 2552 rosa
182 2500 229 2560 Tu
252 2518 320 2560 erus
343 2518 390 2561 es:
416 2506 448 2568 tu
471 2519 586 2562 servom
610 2520 730 2577 quaere.
754 2507 786 2563 tu
810 2504 940 2562 salveto:
964 2508 996 2562 tu
1019 2504 1096 2562 vale.

182 2611 269 2671 Hune
293 2630 347 2688 ego
372 2631 436 2673 esse
459 2613 506 2673 aio
527 2613 763 2673 Menaeohmum.

536 2721 751 2776 Meuancnuus
769 2720 855 2775 Erro.

636 2820 679 2879 At
701 2837 755 2896 ego
778 2838 833 2879 me.

542 2927 758 2982 Muranonuus
778 2925 848 2982 Sra.

855 3032 939 3104 Quae
961 3031 1037 3093 haee
1059 3030 1212 3120 fabulosi?

120 3155 170 3198 roso
184 3142 230 3201 Tu
254 3160 286 3203 es
307 3142 539 3206 Menaeohmusd

541 3251 755 3304 Mnuaucnuus
772 3249 860 3303 Enna.
1143 3310 1144 3313 Ἴ

512 3350 560 3408 Μθ
583 3367 648 3409 esse
671 3349 747 3424 dieo,
770 3346 891 3408 Moscho
915 3352 1093 3425 prognatum
1115 3355 1210 3424 patre.

547 3457 763 3511 Mnunncrnrus
781 3454 851 3511 Sur.
991 3436 993 3440 Α

184 3554 251 3614 Tun
273 3571 339 3614 meo
362 3560 446 3630 patro
469 3573 501 3615 es
523 3553 710 3632 prognatus?

542 3663 757 3716 Mnunnonuus
775 3661 862 3740 Earn.
1140 3720 1143 3726 ,

593 3763 686 3821 Immo
710 3760 857 3836 equidem,
881 3760 1067 3837 adulescens,
1091 3778 1164 3820 meo.

121 3884 171 3928 rooa
184 3871 281 3930 Tuum
303 3872 357 3931 tibi
379 3891 477 3948 neque
500 3890 649 3949 oooupare
671 3891 770 3948 neque
793 3871 966 3948 praeripere
988 3873 1142 3947 postulo„

185 4130 263 4193 sequi
282 4130 362 4192 gnato
381 4143 442 4183 meo
571 4134 631 4179 0054
656 4130 751 4180 eadem
769 4128 837 4179 urbs
857 4129 1043 4178 Buechelaras:
1065 4141 1100 4176 ea
1116 4113 1215 4178 domus

256 4217 319 4262 0053
340 4215 454 4264 huiusce
467 4214 604 4277 Berpkiaa
623 4216 705 4265 huius
718 4229 761 4265 me
775 4227 834 4264 esse
847 4214 998 4263 Bitschelias
1074 4200 1144 4314 006οἑ
1153 4213 1212 4264 Tun

1139 4336 1144 4360 ι

1135 4372 1144 4415 Ἰ

1136 4439 1160 4609 i
