3000 4846
314 367 333 426 6
760 371 898 440 Prologus

275 561 301 604 ao
314 555 384 614 Non
406 551 572 612 internosse
594 549 697 622 posset
721 563 797 620 quae
820 566 976 608 mammam
999 548 1099 624 dabat,

312 667 420 740 Neque
443 662 519 723 adeo
542 661 636 718 mater
658 659 724 735 ipsa
748 677 825 734 quae
847 658 916 719 illos
938 665 1106 736 pepererat,

282 823 286 832 .
313 778 354 838 Ut
377 775 497 852 quidem
518 770 570 829 ille
593 770 668 829 dixit
690 768 770 844 mihi,
796 770 847 846 qui
868 789 978 847 pueros
1001 773 1133 832 viderat:

313 889 378 965 Ego
401 886 470 946 illos
492 904 554 946 non
575 883 646 957 vidi,
671 899 708 941 ne
733 882 799 957 quis
822 886 955 942 vostrum
978 888 1108 944 oenseat.

313 1001 477 1074 Postquam
499 997 558 1056 iam
581 994 668 1072 pueri
690 996 870 1069 septuennes
893 998 969 1069 sunt,
993 999 1080 1072 pater

273 1117 299 1158 2⁵
313 1109 458 1170 Oneravit
479 1126 587 1169 navem
608 1124 746 1183 magnam
769 1106 869 1165 multis
891 1106 1055 1182 meroibus3

312 1220 433 1297 Inponit
455 1220 604 1297 geminum
627 1219 753 1277 alterum
775 1217 806 1277 in
828 1235 934 1277 navem
957 1222 1052 1294 pater,

311 1334 476 1392 Tarentum
498 1330 599 1391 avexit
621 1346 722 1390 seeum
744 1329 784 1391 ad
806 1333 968 1389 mereatum
991 1330 1086 1406 simul,

312 1445 400 1504 Illum
423 1443 546 1519 reliquit
569 1443 695 1502 alterum
716 1441 799 1517 apud
820 1444 944 1501 matrem
967 1441 1058 1519 domi.¹

311 1556 436 1616 Tarenti
458 1555 540 1615 ludei
562 1553 639 1614 forte
663 1555 757 1626 erant,
781 1570 848 1612 eum
870 1552 942 1613 illue
964 1553 1054 1613 venit.

273 1675 298 1717 ³⁰
312 1668 454 1727 Mortales
477 1667 571 1740 multi,
596 1669 629 1725 ut
652 1664 691 1724 ad
713 1664 810 1738 ludos,
835 1669 1053 1724 convenerant:

310 1780 390 1838 Puer
411 1778 490 1838 inter
511 1777 646 1839 homines
669 1775 822 1836 aberravit
843 1794 862 1835 a
884 1779 980 1851 patre.

311 1889 553 1966 Epidamniensis
578 1887 700 1964 quidam
721 1887 763 1947 ibi
785 1891 933 1947 mereator
954 1887 1023 1947 fuit:

310 2003 340 2060 Is
362 2020 488 2078 puerum
509 2001 589 2061 tollit
611 1999 772 2079 avehitque
795 1999 1014 2076 Epidamnium.

309 2113 401 2172 Pater
422 2113 486 2173 eius
509 2116 610 2172 autem
631 2113 792 2187 postquam
812 2129 938 2187 puerum
960 2112 1099 2187 perdidit,

271 2229 297 2270 ³⁵
310 2223 451 2284 Animum
475 2223 635 2299 despondit
658 2239 754 2298 eaque
776 2222 802 2282 is
825 2223 1011 2299 aegritudine

309 2335 418 2395 Pauois
441 2335 546 2396 diebus
569 2337 638 2411 post
659 2335 783 2394 Tarenti
806 2338 978 2395 emortuust.

309 2447 474 2522 Postquam
496 2447 662 2523 Syraousas
687 2446 723 2505 de
746 2464 784 2505 ea
805 2464 837 2506 re
860 2446 949 2505 rediit
970 2448 1090 2507 nuntius

308 2558 360 2617 Ad
383 2577 470 2618 avom
493 2576 664 2635 puerorum,
689 2574 814 2632 puerum
836 2562 1007 2632 surruptum
1030 2559 1165 2632 alterum,

308 2671 488 2745 Patremque
511 2669 598 2746 pueri
619 2668 744 2727 Tarenti
766 2685 830 2727 esse
854 2672 1026 2746 emortuom,

270 2783 296 2824 ⁴⁰
309 2781 448 2840 Immutat
470 2799 579 2841 nomen
601 2797 674 2840 avos
696 2778 766 2839 huie
788 2779 906 2855 gemino
929 2780 1029 2839 alteri:

309 2893 356 2951 Ita
377 2891 462 2952 illum
485 2892 589 2952 dilexit
613 2891 664 2967 qui
686 2891 862 2966 subruptust
884 2892 1025 2951 alterum:

308 3003 392 3063 Illius
416 3022 523 3064 nomen
544 3003 621 3064 indit
642 3002 687 3062 illi
710 3002 761 3076 qui
785 3001 864 3061 domi
887 3006 940 3076 est,

308 3113 513 3190 Menaeohmo‚
537 3115 616 3174 idem
640 3114 722 3189 quod
744 3113 832 3173 alteri
853 3132 961 3174 nomen
983 3114 1054 3174 fuit:

308 3226 347 3284 Et
371 3227 455 3302 ipsus
478 3226 583 3286 eodem
606 3229 652 3285 est
674 3243 748 3285 avus
770 3231 894 3286 vocatus
917 3227 1043 3286 nomine.

268 3342 295 3384 ⁴⁵
308 3339 474 3415 Propterea
494 3338 574 3398 illius
596 3355 705 3398 nomen
727 3337 846 3397 memini
868 3337 994 3412 facilius,

308 3528 514 3536 ——--...—.-

307 3645 363 3695 diei
381 3647 487 3695 volunt.
516 3646 626 3696 Plautus
644 3645 810 3695 Meneehmis
829 3642 883 3696 “ite
901 3645 989 3696 forma
1007 3646 1090 3695 simili
1108 3650 1186 3711 pueri
1204 3653 1232 3697 ut
1250 3651 1337 3698 mater

309 3768 315 3780 .
332 3769 339 3781 .
355 3769 361 3781 .
376 3727 551 3796 pepererat'’.'
574 3732 644 3781 Idem
652 3746 681 3794 p.
694 3734 753 3791 333,
768 3736 795 3780 al
809 3725 909 3782 ‘mater
927 3732 1075 3794 aliquando
1093 3746 1143 3797 pro
1163 3736 1269 3784 nutrice
1284 3746 1336 3799 po-

274 3809 276 3813 ’
306 3819 381 3867 nitur
393 3855 399 3867 .
413 3855 419 3867 .
431 3817 470 3866 Pl.
490 3817 561 3867 Men.
574 3813 629 3868 “ite
647 3816 736 3867 forma
754 3818 837 3867 simili
855 3819 933 3882 pueri
951 3823 980 3867 al
998 3821 1085 3868 mater
1100 3856 1123 3869 ..
1138 3857 1144 3869 .
1158 3815 1333 3884 pepererat”.’

376 3906 407 3951 25
432 3901 566 3952 naurmc
639 3906 666 3950 33
692 3901 748 3965 [ibi]
770 3901 908 3952 aberravit
927 3904 1077 3953 llllselelias
1149 3908 1179 3953 33
1206 3905 1336 3969 Epidam-

307 4001 373 4038 num
392 4001 455 4039 eum
475 3987 616 4051 Seyfferlas
635 3988 726 4037 Philol.
747 3992 789 4047 35,
806 3990 849 4036 353
949 3991 979 4036 35
1005 4002 1090 4053 eaque
1109 3991 1132 4039 is
1155 3990 1333 4040 Camerarius:

309 4087 340 4124 ee
359 4070 422 4138 quis
488 4077 519 4123 to
538 4075 646 4138 gemino
665 4087 764 4123 nomen
784 4087 849 4124 avos
868 4075 932 4123 huie
949 4076 1100 4126 Rilsolrelias
1172 4074 1213 4124 33.
1229 4077 1258 4122 33
1278 4077 1337 4124 Vide

307 4173 373 4220 quae
391 4163 421 4210 de
435 4162 474 4210 his
485 4161 602 4210 versibus
621 4164 647 4210 33
665 4161 695 4210 de
711 4160 789 4209 totius
803 4161 904 4223 prolopi
919 4165 1019 4211 ratione
1031 4163 1125 4223 scripsi
1136 4162 1164 4210 la
1176 4172 1242 4208 mas.
1259 4162 1336 4209 Rhea.

308 4248 373 4294 3872
391 4261 418 4309 p.
435 4249 482 4294 373
572 4249 603 4296 35
620 4247 721 4296 Nonius
735 4259 762 4307 p.
780 4247 839 4304 399,
855 4237 1083 4298 eo‘aeousativus
1096 4259 1147 4310 pro
1159 4246 1278 4307 genitivo
